,Date,Region,Sales Rep,Customer,Product,COGS,Sales
0,6/7/2006,MidWest,Jon,Nature Company,QDA Item,5395.13,9809.32
1,5/18/2006,MidWest,Chin,The Economist,PGQ Item,8649.28,9250.57
2,5/6/2006,MidWest,Luke,McLendon's Hardware,WAJ Item,3172.06,8573.14
3,4/25/2006,MidWest,Rhonda,ExcelIsVeryFun.com,WSQ Item,8333.41,8912.74
4,4/3/2006,MidWest,Luke,Costco,SLL Item,8792.47,9991.44
5,3/24/2006,MidWest,Sheliadawn,Whole Foods,JGD Item,5628.87,8277.75
6,3/21/2006,MidWest,Jeri,Peet's Coffee,JOG Item,4823.69,8770.34
7,3/19/2006,MidWest,Troung,The Economist,KFB Item,4976.28,8434.37
8,3/12/2006,MidWest,Chin,Google,DXU Item,3445.13,9311.16
9,3/1/2006,MidWest,Luke,Whole Foods,YNQ Item,3185.71,8610.02
10,2/28/2006,MidWest,Rhonda,McLendon's Hardware,NEN Item,8702.34,9889.02
11,2/6/2006,MidWest,Sheliadawn,Sherman Williams,TEY Item,4349.05,9664.55
12,2/4/2006,MidWest,Jon,Nature Company,BVN Item,4114.41,9568.39
13,1/18/2006,MidWest,Chin,Nature Company,JQL Item,3651.71,8492.35
14,1/6/2006,MidWest,Rhonda,Amazon.com,ADY Item,8498.82,9089.65
15,1/5/2006,MidWest,Jeri,Sherman Williams,YWG Item,5672.01,9613.58
16,12/22/2005,MidWest,Luke,McLendon's Hardware,TGY Item,4847.26,8215.7
17,12/18/2005,MidWest,Chin,Office Depot,GCU Item,4920.12,8482.97
18,12/9/2005,MidWest,Rhonda,Costco,XYL Item,6619.09,9733.95
19,11/25/2005,MidWest,Jeri,McLendon's Hardware,PHE Item,4280.79,9955.32
20,11/24/2005,MidWest,Jon,Home Depot,TQM Item,8476.72,9632.64
21,11/5/2005,MidWest,Chin,Google,FTH Item,7261.47,8251.67
22,10/4/2005,MidWest,Jon,Amazon.com,ULS Item,3640.32,9838.69
23,10/3/2005,MidWest,Troung,McLendon's Hardware,EVO Item,9189.78,9828.64
24,10/2/2005,MidWest,Chin,Home Depot,KNW Item,4428.51,8051.84
25,9/23/2005,MidWest,Sheliadawn,Google,NWF Item,4440.52,8073.67
26,9/22/2005,MidWest,Luke,Solar and Wind Inc.,GWW Item,7160.5,8136.93
27,8/8/2005,MidWest,Luke,ExcelIsVeryFun.com,BDX Item,5623.76,9531.8
28,7/22/2005,MidWest,Jon,Sherman Williams,GVW Item,3982.41,9261.43
29,7/21/2005,MidWest,Luke,Peet's Coffee,CYD Item,7044.34,9392.45
30,7/13/2005,MidWest,Troung,Peet's Coffee,KZK Item,6877.98,9170.64
31,7/12/2005,MidWest,Troung,Yahoo,JUR Item,3653.87,9875.32
32,7/10/2005,MidWest,Rhonda,Office Depot,FPF Item,3381.07,9138.04
33,7/1/2005,MidWest,Troung,Yahoo,STL Item,7429.13,8442.19
34,6/18/2005,MidWest,Sheliadawn,Yahoo,MDV Item,4302.01,9560.02
35,6/9/2005,MidWest,Steven,Home Depot,YKF Item,5771.0,9950.0
36,6/3/2005,MidWest,Steven,ExcelIsVeryFun.com,DWQ Item,4050.46,9419.67
37,6/3/2005,MidWest,Luke,Solar and Wind Inc.,UOE Item,6306.47,8408.63
38,5/22/2005,MidWest,Rhonda,Amazon.com,GFK Item,6011.22,8840.03
39,5/4/2005,MidWest,Luke,Sherman Williams,SZM Item,6407.71,9423.11
40,4/20/2005,MidWest,Sheliadawn,Costco,TBQ Item,3970.29,9233.24
41,3/28/2005,MidWest,Jon,Home Depot,MSH Item,5369.48,9762.69
42,3/10/2005,MidWest,Chin,Costco,OOD Item,6587.55,8783.4
43,2/22/2005,MidWest,Troung,Office Depot,BQW Item,7872.32,8945.82
44,1/29/2005,MidWest,Steven,Home Depot,SXT Item,7371.44,9828.59
45,1/21/2005,MidWest,Luke,Whole Foods,NSN Item,8615.62,9790.48
46,1/20/2005,MidWest,Sheliadawn,Peet's Coffee,FKF Item,3166.77,8558.84
47,1/13/2005,MidWest,Troung,The Economist,KHM Item,5046.58,8553.53
48,1/12/2005,MidWest,Jon,Solar and Wind Inc.,UDH Item,6619.97,9735.25
49,1/4/2005,MidWest,Jon,Home Depot,BKL Item,3442.17,8005.05
50,12/27/2004,MidWest,Luke,Solar and Wind Inc.,ZFB Item,3396.25,9179.05
51,12/25/2004,MidWest,Jon,Yahoo,FLS Item,3664.68,8143.73
52,12/20/2004,MidWest,Sheliadawn,Amazon.com,ZON Item,4999.88,8474.38
53,12/20/2004,MidWest,Jon,Amazon.com,TOG Item,3589.22,8347.03
54,12/16/2004,MidWest,Jeri,Amazon.com,LII Item,7221.7,8206.48
55,12/9/2004,MidWest,Sheliadawn,McLendon's Hardware,VQN Item,6029.99,8039.98
56,12/7/2004,MidWest,Sheliadawn,The Economist,KTU Item,3649.08,8109.06
57,11/12/2004,MidWest,Chin,Solar and Wind Inc.,PET Item,3504.65,8150.36
58,10/31/2004,MidWest,Troung,Peet's Coffee,FPU Item,7841.64,8910.96
59,10/18/2004,MidWest,Luke,The Economist,MZS Item,8929.9,9550.7
60,9/30/2004,MidWest,Chin,Office Depot,KYB Item,3236.73,8747.93
61,9/7/2004,MidWest,Chin,Office Depot,CVM Item,7884.27,8432.37
62,8/8/2004,MidWest,Troung,Costco,SPK Item,7632.07,8162.64
63,7/25/2004,MidWest,Chin,Yahoo,CVQ Item,7400.68,9867.57
64,7/10/2004,MidWest,Luke,McLendon's Hardware,YOU Item,5100.55,9273.73
65,6/17/2004,MidWest,Chin,ExcelIsVeryFun.com,MWN Item,6305.0,9272.06
66,6/8/2006,MidWest,Sheliadawn,Sherman Williams,GWD Item,4651.7,7884.24
67,5/18/2006,MidWest,Troung,McLendon's Hardware,RRT Item,2442.52,6601.4
68,5/16/2006,MidWest,Jeri,Costco,LGL Item,4533.76,6045.01
69,5/1/2006,MidWest,Jeri,Solar and Wind Inc.,XTG Item,5990.5,7987.33
70,4/14/2006,MidWest,Jon,Amazon.com,EPL Item,6221.92,6654.46
71,4/12/2006,MidWest,Troung,Whole Foods,EPK Item,5928.82,7905.09
72,3/30/2006,MidWest,Jon,Sherman Williams,DYV Item,3133.13,6962.5
73,3/27/2006,MidWest,Steven,McLendon's Hardware,DPY Item,5943.56,6754.04
74,3/1/2006,MidWest,Chin,Whole Foods,STR Item,4421.19,7493.55
75,2/10/2006,MidWest,Chin,McLendon's Hardware,IUD Item,3235.23,7189.41
76,2/6/2006,MidWest,Rhonda,McLendon's Hardware,DLN Item,7334.86,7844.77
77,2/1/2006,MidWest,Jeri,Peet's Coffee,PED Item,4422.45,6503.61
78,1/27/2006,MidWest,Chin,Sherman Williams,CZM Item,6011.98,6429.93
79,1/9/2006,MidWest,Troung,Nature Company,VMA Item,7340.29,7850.58
80,12/16/2005,MidWest,Luke,Costco,QDR Item,3978.19,6858.94
81,12/4/2005,MidWest,Steven,Home Depot,RTF Item,2741.01,6091.14
82,11/2/2005,MidWest,Sheliadawn,McLendon's Hardware,NIV Item,5180.14,7617.85
83,11/1/2005,MidWest,Troung,Office Depot,KAI Item,4805.89,7067.48
84,10/28/2005,MidWest,Jon,Solar and Wind Inc.,VMC Item,4705.07,6273.43
85,10/27/2005,MidWest,Rhonda,The Economist,DNA Item,6349.59,7215.44
86,10/18/2005,MidWest,Jon,Amazon.com,PDH Item,3776.43,6511.09
87,9/25/2005,MidWest,Chin,Whole Foods,VPL Item,5781.82,7709.09
88,9/6/2005,MidWest,Luke,Peet's Coffee,HMK Item,4294.03,6314.75
89,8/28/2005,MidWest,Sheliadawn,The Economist,WEW Item,5349.44,7866.83
90,8/9/2005,MidWest,Sheliadawn,Peet's Coffee,GTP Item,4070.64,6899.39
91,7/27/2005,MidWest,Jeri,Solar and Wind Inc.,GLY Item,5352.97,6082.92
92,7/23/2005,MidWest,Jeri,Whole Foods,JRV Item,5299.46,7793.32
93,7/18/2005,MidWest,Chin,Yahoo,CVY Item,4445.83,7665.23
94,7/17/2005,MidWest,Jon,Office Depot,IDZ Item,5375.15,6108.12
95,6/25/2005,MidWest,Jeri,The Economist,SYE Item,3633.5,6606.36
96,6/7/2005,MidWest,Jon,Amazon.com,RCC Item,2763.33,6140.73
97,6/6/2005,MidWest,Troung,Whole Foods,SUK Item,3305.37,7345.26
98,5/21/2005,MidWest,Rhonda,Amazon.com,SMI Item,4149.35,7544.27
99,5/14/2005,MidWest,Jon,Yahoo,MXO Item,4029.06,6828.92
100,5/7/2005,MidWest,Steven,ExcelIsVeryFun.com,DQS Item,3897.72,7086.76
101,4/28/2005,MidWest,Jeri,McLendon's Hardware,NBV Item,6469.43,6919.18
102,4/20/2005,MidWest,Troung,Costco,KXJ Item,4501.76,6002.34
103,4/16/2005,MidWest,Jon,Amazon.com,ESQ Item,5199.76,6933.01
104,4/4/2005,MidWest,Rhonda,Google,QZW Item,5896.5,6700.57
105,4/1/2005,MidWest,Rhonda,The Economist,QSA Item,6032.36,6451.72
106,3/29/2005,MidWest,Steven,Google,UMR Item,5290.05,7053.4
107,3/13/2005,MidWest,Steven,Whole Foods,ABB Item,3604.66,6553.92
108,3/7/2005,MidWest,Jon,Costco,VTQ Item,4069.88,7399.78
109,2/18/2005,MidWest,Chin,Whole Foods,FKD Item,2924.24,6800.55
110,2/11/2005,MidWest,Troung,ExcelIsVeryFun.com,VMC Item,4673.31,7920.86
111,1/22/2005,MidWest,Chin,Home Depot,IND Item,2673.24,6216.84
112,1/14/2005,MidWest,Steven,McLendon's Hardware,LXS Item,6385.73,6829.66
113,1/9/2005,MidWest,Sheliadawn,Amazon.com,WHT Item,5832.7,6628.07
114,1/7/2005,MidWest,Troung,Costco,MUQ Item,2486.46,6720.15
115,12/25/2004,MidWest,Sheliadawn,Nature Company,KKF Item,3344.0,7431.1
116,12/21/2004,MidWest,Steven,Whole Foods,EXU Item,2432.74,6574.96
117,12/16/2004,MidWest,Rhonda,Yahoo,FZK Item,4145.58,7026.41
118,12/9/2004,MidWest,Jeri,Google,SZW Item,2607.7,6064.43
119,12/2/2004,MidWest,Troung,McLendon's Hardware,IUU Item,2965.04,6895.44
120,11/29/2004,MidWest,Jeri,Home Depot,EEE Item,2682.03,6237.27
121,10/16/2004,MidWest,Luke,Solar and Wind Inc.,XVI Item,4250.16,7327.87
122,10/7/2004,MidWest,Luke,Nature Company,AMV Item,4574.79,6727.63
123,10/5/2004,MidWest,Troung,The Economist,JPT Item,2580.17,6000.4
124,10/2/2004,MidWest,Sheliadawn,Peet's Coffee,RRN Item,7266.91,7772.1
125,10/2/2004,MidWest,Jeri,Costco,CLS Item,6662.83,7126.02
126,9/30/2004,MidWest,Jon,Office Depot,ZYT Item,6348.09,6789.4
127,9/26/2004,MidWest,Jon,Whole Foods,ARL Item,3590.77,6528.67
128,9/6/2004,MidWest,Steven,Solar and Wind Inc.,XKP Item,5481.77,6229.28
129,9/4/2004,MidWest,Jon,Yahoo,IAG Item,5988.93,7985.24
130,8/30/2004,MidWest,Rhonda,Peet's Coffee,JYF Item,3931.98,6779.28
131,8/18/2004,MidWest,Troung,Google,ZQU Item,4844.08,7123.64
132,8/17/2004,MidWest,Luke,Home Depot,YHI Item,3418.54,6215.52
133,7/30/2004,MidWest,Rhonda,Nature Company,IRA Item,6831.51,7306.43
134,7/15/2004,MidWest,Rhonda,Yahoo,UXX Item,4614.51,6786.04
135,6/24/2004,MidWest,Troung,Home Depot,ULM Item,6180.38,6610.03
136,6/10/2006,MidWest,Chin,Home Depot,OSX Item,2336.4,5433.48
137,5/30/2006,MidWest,Rhonda,Sherman Williams,BSY Item,4190.13,4761.51
138,5/18/2006,MidWest,Luke,Whole Foods,WBE Item,3489.65,4652.87
139,5/9/2006,MidWest,Luke,Home Depot,BQD Item,4285.18,5713.57
140,5/8/2006,MidWest,Chin,Costco,VGC Item,1834.05,4956.88
141,4/29/2006,MidWest,Jon,Solar and Wind Inc.,SUD Item,3196.62,5511.41
142,4/23/2006,MidWest,Troung,Peet's Coffee,JXE Item,1673.64,4523.34
143,4/18/2006,MidWest,Luke,Amazon.com,VWP Item,2322.14,4222.07
144,4/16/2006,MidWest,Jeri,Nature Company,XCF Item,2521.95,5865.01
145,4/13/2006,MidWest,Jeri,Office Depot,JXI Item,5416.99,5793.57
146,4/10/2006,MidWest,Sheliadawn,Yahoo,WLI Item,2373.28,4091.86
147,3/25/2006,MidWest,Jon,The Economist,AVS Item,4543.46,4859.32
148,3/23/2006,MidWest,Troung,Whole Foods,MCN Item,3132.06,5694.65
149,3/19/2006,MidWest,Sheliadawn,Sherman Williams,FYG Item,3434.03,4578.7
150,3/10/2006,MidWest,Rhonda,Solar and Wind Inc.,XSQ Item,4378.34,4682.72
151,3/2/2006,MidWest,Steven,ExcelIsVeryFun.com,HUA Item,1850.77,4112.83
152,1/27/2006,MidWest,Rhonda,The Economist,MVI Item,4128.83,5505.1
153,1/16/2006,MidWest,Jeri,ExcelIsVeryFun.com,VRL Item,3206.48,5528.41
154,1/9/2006,MidWest,Jeri,Google,PNA Item,2070.56,5596.1
155,12/27/2005,MidWest,Chin,Sherman Williams,SWI Item,2325.65,5168.11
156,12/25/2005,MidWest,Steven,McLendon's Hardware,UVW Item,3106.86,4142.48
157,12/23/2005,MidWest,Chin,Solar and Wind Inc.,FWO Item,4489.32,5985.76
158,12/19/2005,MidWest,Steven,Home Depot,JRS Item,2986.31,4391.63
159,11/16/2005,MidWest,Rhonda,Google,EKY Item,5142.92,5500.45
160,11/6/2005,MidWest,Luke,Amazon.com,DWD Item,3078.67,4527.45
161,10/28/2005,MidWest,Chin,Amazon.com,WXR Item,2714.01,4600.01
162,9/6/2005,MidWest,Sheliadawn,Nature Company,SHW Item,3853.06,4120.92
163,9/3/2005,MidWest,Steven,Home Depot,FSZ Item,3514.28,5168.06
164,8/22/2005,MidWest,Jeri,Home Depot,GPH Item,4442.32,5923.09
165,8/20/2005,MidWest,Steven,The Economist,UGE Item,2368.06,5507.11
166,8/13/2005,MidWest,Steven,Solar and Wind Inc.,QPM Item,2645.06,5877.92
167,8/9/2005,MidWest,Chin,Whole Foods,TLW Item,3580.69,4774.25
168,7/3/2005,MidWest,Steven,ExcelIsVeryFun.com,EPQ Item,1598.17,4319.39
169,6/27/2005,MidWest,Sheliadawn,ExcelIsVeryFun.com,LCU Item,3976.6,4518.86
170,6/11/2005,MidWest,Jon,McLendon's Hardware,UBQ Item,2170.67,4823.72
171,6/7/2005,MidWest,Rhonda,Yahoo,IAY Item,4825.25,5483.24
172,6/7/2005,MidWest,Troung,McLendon's Hardware,VRL Item,3612.19,5312.05
173,6/2/2005,MidWest,Jon,Office Depot,HNW Item,4484.9,5096.48
174,5/29/2005,MidWest,Jeri,Home Depot,BMC Item,3938.1,4211.87
175,5/20/2005,MidWest,Jeri,Amazon.com,MSL Item,2929.71,4308.4
176,5/16/2005,MidWest,Rhonda,Yahoo,HXF Item,2000.28,4651.82
177,4/27/2005,MidWest,Troung,Home Depot,ICQ Item,3027.87,4452.75
178,4/4/2005,MidWest,Rhonda,The Economist,EYG Item,3918.36,4452.68
179,3/5/2005,MidWest,Sheliadawn,Costco,HMD Item,3412.38,5883.42
180,3/4/2005,MidWest,Luke,ExcelIsVeryFun.com,YAK Item,5245.71,5610.38
181,2/17/2005,MidWest,Rhonda,Peet's Coffee,AOB Item,3002.01,4414.72
182,2/11/2005,MidWest,Jeri,Solar and Wind Inc.,HGT Item,3639.02,4852.02
183,1/27/2005,MidWest,Chin,Costco,ARS Item,3576.37,4064.06
184,1/21/2005,MidWest,Chin,McLendon's Hardware,KGB Item,1883.75,5091.21
185,1/16/2005,MidWest,Jeri,Office Depot,DIS Item,2476.4,5759.06
186,1/14/2005,MidWest,Chin,Costco,QRV Item,2674.67,4863.04
187,1/12/2005,MidWest,Troung,Yahoo,AMO Item,2118.48,5725.61
188,1/4/2005,MidWest,Steven,McLendon's Hardware,PBJ Item,2681.84,4623.86
189,12/17/2004,MidWest,Steven,Yahoo,WIP Item,3075.82,5592.4
190,12/14/2004,MidWest,Luke,Nature Company,PZB Item,2046.63,4548.07
191,11/29/2004,MidWest,Jeri,Yahoo,XAQ Item,2669.4,5932.0
192,11/28/2004,MidWest,Troung,Amazon.com,CIU Item,2143.98,4764.4
193,11/13/2004,MidWest,Chin,ExcelIsVeryFun.com,BDN Item,3755.38,4267.48
194,11/7/2004,MidWest,Sheliadawn,Yahoo,OMP Item,2972.24,4370.94
195,10/17/2004,MidWest,Chin,Costco,GSK Item,4316.71,4616.8
196,9/24/2004,MidWest,Jon,Whole Foods,ILP Item,2982.53,5422.79
197,9/12/2004,MidWest,Jeri,Nature Company,VRD Item,3673.27,4174.17
198,8/29/2004,MidWest,Steven,Solar and Wind Inc.,YFB Item,1775.84,4129.85
199,7/26/2004,MidWest,Troung,Amazon.com,HGB Item,3913.94,5218.59
200,7/8/2004,MidWest,Jeri,Nature Company,XKR Item,3708.54,4944.72
201,6/27/2004,MidWest,Sheliadawn,ExcelIsVeryFun.com,DWS Item,1990.16,5378.82
202,6/6/2006,MidWest,Chin,Yahoo,BMF Item,1701.54,2883.97
203,5/11/2006,MidWest,Chin,Costco,VYV Item,3545.62,3792.11
204,4/29/2006,MidWest,Jon,Whole Foods,VJO Item,2714.37,3991.72
205,4/12/2006,MidWest,Rhonda,Peet's Coffee,PDI Item,987.83,2195.18
206,4/5/2006,MidWest,Steven,Peet's Coffee,FEP Item,1451.01,3921.64
207,4/4/2006,MidWest,Chin,Sherman Williams,HRL Item,1961.48,2615.31
208,4/3/2006,MidWest,Jeri,Solar and Wind Inc.,KBV Item,3714.32,3972.53
209,3/28/2006,MidWest,Sheliadawn,Peet's Coffee,NOC Item,1539.53,3580.31
210,3/26/2006,MidWest,Troung,Yahoo,KMU Item,2675.93,3567.91
211,3/26/2006,MidWest,Jon,ExcelIsVeryFun.com,KRH Item,1404.55,2421.63
212,3/15/2006,MidWest,Jeri,Amazon.com,PMB Item,3260.0,3704.55
213,3/6/2006,MidWest,Rhonda,Office Depot,YHJ Item,925.96,2057.69
214,3/1/2006,MidWest,Steven,Amazon.com,BQS Item,1049.87,2837.49
215,2/19/2006,MidWest,Troung,Office Depot,HUJ Item,949.52,2110.04
216,2/10/2006,MidWest,Rhonda,Home Depot,LYS Item,1088.69,2531.84
217,2/7/2006,MidWest,Jon,Home Depot,DPA Item,2895.18,3096.45
218,2/4/2006,MidWest,Chin,Costco,YUO Item,1465.09,2526.02
219,1/24/2006,MidWest,Troung,Solar and Wind Inc.,BYD Item,1149.09,2672.3
220,1/19/2006,MidWest,Steven,Peet's Coffee,MWR Item,1247.74,3372.28
221,1/8/2006,MidWest,Jeri,McLendon's Hardware,PQV Item,1201.94,2795.22
222,1/5/2006,MidWest,Rhonda,Peet's Coffee,LWH Item,3128.83,3346.34
223,12/28/2005,MidWest,Chin,The Economist,DTW Item,1774.54,3007.69
224,11/24/2005,MidWest,Chin,Office Depot,WBX Item,3276.4,3504.17
225,10/28/2005,MidWest,Steven,Google,FRX Item,2044.35,2186.47
226,10/26/2005,MidWest,Steven,Sherman Williams,IOP Item,1691.97,2867.75
227,10/3/2005,MidWest,Steven,Sherman Williams,ILS Item,1461.23,3949.28
228,9/27/2005,MidWest,Jeri,Peet's Coffee,WXR Item,2648.42,3894.74
229,8/16/2005,MidWest,Jon,McLendon's Hardware,DXS Item,1983.9,3420.52
230,8/9/2005,MidWest,Jeri,Solar and Wind Inc.,JFK Item,1327.12,3586.82
231,8/6/2005,MidWest,Jeri,Google,DMU Item,769.61,2080.04
232,7/27/2005,MidWest,Jeri,McLendon's Hardware,UTT Item,1468.23,2488.53
233,7/9/2005,MidWest,Steven,The Economist,MTL Item,3730.96,3990.33
234,6/27/2005,MidWest,Rhonda,Home Depot,RFR Item,1074.69,2904.57
235,6/24/2005,MidWest,Sheliadawn,ExcelIsVeryFun.com,XJT Item,3189.35,3411.07
236,6/19/2005,MidWest,Chin,ExcelIsVeryFun.com,PBQ Item,1521.45,3538.26
237,6/10/2005,MidWest,Jeri,The Economist,HGY Item,1411.17,3281.8
238,5/22/2005,MidWest,Sheliadawn,Google,FEP Item,1444.06,3902.86
239,5/7/2005,MidWest,Luke,Home Depot,NEJ Item,2608.94,2964.7
240,4/10/2005,MidWest,Jeri,Whole Foods,TVX Item,2059.29,3490.33
241,4/4/2005,MidWest,Luke,Office Depot,WVS Item,1455.0,2645.45
242,4/1/2005,MidWest,Jon,Amazon.com,SQN Item,1506.99,2739.98
243,3/23/2005,MidWest,Rhonda,Costco,MKA Item,944.41,2552.46
244,3/23/2005,MidWest,Steven,Sherman Williams,SOJ Item,1264.97,2144.02
245,3/17/2005,MidWest,Luke,Yahoo,WOW Item,1445.64,3907.13
246,3/13/2005,MidWest,Sheliadawn,Peet's Coffee,QRF Item,1126.15,2618.96
247,3/1/2005,MidWest,Chin,Home Depot,DEW Item,1363.14,2004.62
248,2/23/2005,MidWest,Steven,Google,JVF Item,924.27,2498.04
249,2/19/2005,MidWest,Jon,Costco,QKE Item,2891.06,3285.29
250,2/16/2005,MidWest,Troung,Solar and Wind Inc.,YNQ Item,1982.48,2252.82
251,2/8/2005,MidWest,Jon,Google,WWB Item,1936.76,2582.35
252,2/6/2005,MidWest,Steven,McLendon's Hardware,XTY Item,1615.62,3757.25
253,1/25/2005,MidWest,Chin,Sherman Williams,BPZ Item,3148.53,3577.87
254,1/24/2005,MidWest,Rhonda,ExcelIsVeryFun.com,CTB Item,2303.43,3387.39
255,1/22/2005,MidWest,Rhonda,Solar and Wind Inc.,DAJ Item,2132.93,2281.21
256,1/2/2005,MidWest,Jon,Amazon.com,OJA Item,2437.66,3584.8
257,12/29/2004,MidWest,Jon,Peet's Coffee,ZCO Item,2767.93,3145.38
258,11/17/2004,MidWest,Troung,Home Depot,HBN Item,3404.2,3868.41
259,11/4/2004,MidWest,Jeri,Whole Foods,ZMB Item,1445.41,2449.85
260,10/14/2004,MidWest,Rhonda,Peet's Coffee,ITT Item,2317.3,3407.8
261,9/23/2004,MidWest,Sheliadawn,Yahoo,BVV Item,1657.2,2857.24
262,8/28/2004,MidWest,Jon,McLendon's Hardware,EBS Item,1901.45,2535.26
263,8/13/2004,MidWest,Steven,Solar and Wind Inc.,HMO Item,1054.76,2452.94
264,8/9/2004,MidWest,Luke,Sherman Williams,ZEI Item,1370.55,2491.91
265,8/6/2004,MidWest,Rhonda,Costco,UZM Item,1254.29,3389.97
266,6/7/2006,MidWest,Chin,Peet's Coffee,UJZ Item,304.81,326.0
267,5/30/2006,MidWest,Rhonda,Sherman Williams,BFS Item,1138.1,1293.29
268,5/17/2006,MidWest,Sheliadawn,ExcelIsVeryFun.com,UBW Item,436.86,1180.71
269,2/20/2006,MidWest,Chin,ExcelIsVeryFun.com,IWG Item,1201.33,1601.77
270,2/16/2006,MidWest,Jeri,Office Depot,UXT Item,83.82,95.25
271,2/7/2006,MidWest,Luke,Office Depot,LVU Item,297.94,805.23
272,2/5/2006,MidWest,Chin,ExcelIsVeryFun.com,OJW Item,486.17,1130.63
273,1/17/2006,MidWest,Sheliadawn,Yahoo,NNJ Item,746.97,798.9
274,12/29/2005,MidWest,Luke,Peet's Coffee,NFY Item,822.27,1393.67
275,12/21/2005,MidWest,Jeri,Home Depot,CPG Item,189.27,511.55
276,12/19/2005,MidWest,Luke,Solar and Wind Inc.,YJV Item,1081.32,1966.03
277,11/22/2005,MidWest,Sheliadawn,Office Depot,JKP Item,1014.32,1748.83
278,11/13/2005,MidWest,Sheliadawn,Solar and Wind Inc.,OSL Item,176.19,303.77
279,11/9/2005,MidWest,Sheliadawn,ExcelIsVeryFun.com,WXM Item,126.85,144.15
280,10/15/2005,MidWest,Troung,Costco,WIL Item,815.21,1381.71
281,10/9/2005,MidWest,Chin,Amazon.com,JQC Item,373.67,498.22
282,10/2/2005,MidWest,Jon,ExcelIsVeryFun.com,NBK Item,167.96,390.61
283,9/30/2005,MidWest,Luke,ExcelIsVeryFun.com,BFX Item,472.38,1049.73
284,9/28/2005,MidWest,Jeri,Yahoo,UNF Item,1000.48,1333.97
285,9/28/2005,MidWest,Rhonda,Sherman Williams,DCC Item,1013.12,1151.27
286,9/26/2005,MidWest,Jeri,ExcelIsVeryFun.com,BYJ Item,403.84,939.16
287,8/28/2005,MidWest,Steven,Yahoo,WFJ Item,489.08,1086.84
288,7/26/2005,MidWest,Chin,Solar and Wind Inc.,KNK Item,944.05,1600.08
289,7/8/2005,MidWest,Jeri,Whole Foods,NNC Item,558.38,597.2
290,7/5/2005,MidWest,Troung,Home Depot,ZJD Item,700.9,749.63
291,6/24/2005,MidWest,Chin,The Economist,NXJ Item,555.74,941.93
292,6/18/2005,MidWest,Jon,Peet's Coffee,OVC Item,175.8,297.96
293,5/30/2005,MidWest,Troung,Amazon.com,FAX Item,1004.52,1731.93
294,5/18/2005,MidWest,Rhonda,Whole Foods,HSH Item,567.88,607.36
295,5/5/2005,MidWest,Troung,Sherman Williams,PYI Item,742.98,1727.85
296,4/27/2005,MidWest,Rhonda,Google,OPN Item,73.77,134.13
297,4/21/2005,MidWest,Chin,Nature Company,CSJ Item,731.82,1977.89
298,3/26/2005,MidWest,Jeri,Sherman Williams,IEW Item,720.08,1674.6
299,3/26/2005,MidWest,Sheliadawn,McLendon's Hardware,GQY Item,578.61,980.69
300,3/16/2005,MidWest,Rhonda,Amazon.com,ABM Item,335.06,609.2
301,3/5/2005,MidWest,Jeri,Office Depot,QSQ Item,796.03,1447.32
302,2/24/2005,MidWest,Luke,Amazon.com,KMR Item,655.19,1191.25
303,2/1/2005,MidWest,Chin,The Economist,FPK Item,1760.2,1882.57
304,1/24/2005,MidWest,Chin,Costco,AZL Item,114.03,253.39
305,12/5/2004,MidWest,Steven,Nature Company,YEK Item,505.13,673.5
306,10/28/2004,MidWest,Rhonda,Costco,RLL Item,499.14,1109.19
307,10/13/2004,MidWest,Rhonda,Whole Foods,OHC Item,1108.81,1185.89
308,9/30/2004,MidWest,Jon,Peet's Coffee,LRH Item,500.89,1353.75
309,9/30/2004,MidWest,Jeri,Whole Foods,CBL Item,444.07,807.4
310,7/23/2004,MidWest,Troung,Nature Company,SAG Item,829.33,942.42
311,7/22/2004,MidWest,Jeri,Peet's Coffee,RAR Item,704.27,1214.26
312,7/8/2004,MidWest,Chin,Sherman Williams,ERC Item,1676.63,1905.26
313,6/28/2004,MidWest,Sheliadawn,Yahoo,VGE Item,844.62,903.34
314,6/12/2006,North,Sheliadawn,ExcelIsVeryFun.com,DQI Item,3786.49,8805.8
315,6/10/2006,North,Chin,Google,TEK Item,2681.74,5959.42
316,6/8/2006,North,Sheliadawn,Home Depot,LZH Item,2605.35,5789.67
317,6/7/2006,North,Rhonda,Whole Foods,MDI Item,3401.72,9193.84
318,6/3/2006,North,Rhonda,Peet's Coffee,ZLR Item,1291.46,1721.95
319,5/29/2006,North,Sheliadawn,McLendon's Hardware,YPW Item,295.79,336.12
320,5/28/2006,North,Jon,Nature Company,TYA Item,5262.21,9567.65
321,5/27/2006,North,Jeri,Sherman Williams,QAG Item,5422.67,7230.22
322,5/27/2006,North,Sheliadawn,Office Depot,KTI Item,1067.16,1808.75
323,5/27/2006,North,Steven,Yahoo,HPF Item,87.25,193.88
324,5/25/2006,North,Rhonda,McLendon's Hardware,IVZ Item,2580.64,6974.7
325,5/15/2006,North,Rhonda,Office Depot,YUT Item,3605.04,6554.62
326,5/13/2006,North,Rhonda,Nature Company,OAP Item,2666.14,7205.78
327,5/12/2006,North,Sheliadawn,Home Depot,MJU Item,1122.26,1902.13
328,5/11/2006,North,Troung,McLendon's Hardware,FZS Item,2293.85,3058.46
329,5/10/2006,North,Chin,Whole Foods,BPF Item,3475.93,6319.87
330,5/10/2006,North,Luke,Amazon.com,NDS Item,2236.34,3790.41
331,5/10/2006,North,Rhonda,Amazon.com,EKN Item,2127.26,3128.32
332,5/6/2006,North,Jeri,Home Depot,RJA Item,1558.41,3463.14
333,5/3/2006,North,Jeri,ExcelIsVeryFun.com,GTC Item,4468.62,7573.93
334,5/3/2006,North,Sheliadawn,Whole Foods,YHW Item,3904.16,5205.54
335,5/2/2006,North,Jon,Google,KWB Item,2420.24,5378.32
336,5/1/2006,North,Luke,Solar and Wind Inc.,KJJ Item,6605.5,8807.33
337,4/30/2006,North,Steven,Amazon.com,RPP Item,3233.73,5480.89
338,4/30/2006,North,Jeri,Whole Foods,CYN Item,730.46,973.95
339,4/28/2006,North,Luke,Home Depot,ZWZ Item,3290.58,3739.3
340,4/21/2006,North,Jon,Office Depot,UGS Item,3303.2,7681.86
341,4/21/2006,North,Troung,Sherman Williams,QMX Item,3122.13,3547.87
342,4/18/2006,North,Troung,McLendon's Hardware,ASO Item,3239.99,3465.23
343,4/16/2006,North,Jon,Peet's Coffee,YDS Item,4473.25,5964.33
344,4/10/2006,North,Luke,ExcelIsVeryFun.com,ZXT Item,8220.26,9341.21
345,4/9/2006,North,Jeri,The Economist,QAG Item,1126.71,2048.56
346,4/6/2006,North,Sheliadawn,McLendon's Hardware,AYM Item,4686.96,8521.74
347,3/31/2006,North,Chin,Google,XSM Item,4454.0,5938.66
348,3/31/2006,North,Rhonda,McLendon's Hardware,WBN Item,892.65,1312.72
349,3/28/2006,North,Chin,Yahoo,MYJ Item,6103.36,6935.64
350,3/27/2006,North,Jon,Amazon.com,WOD Item,3377.26,5724.17
351,3/22/2006,North,Luke,Whole Foods,BMX Item,4458.37,4768.31
352,3/22/2006,North,Luke,Nature Company,MNS Item,899.54,1524.64
353,3/21/2006,North,Steven,ExcelIsVeryFun.com,MGO Item,2464.91,4481.65
354,3/20/2006,North,Steven,Google,MNF Item,699.24,1889.85
355,3/17/2006,North,Jeri,Sherman Williams,TAA Item,6362.74,6805.07
356,3/12/2006,North,Sheliadawn,Nature Company,SNA Item,4265.7,4847.39
357,3/8/2006,North,Troung,ExcelIsVeryFun.com,QNH Item,4014.97,9337.15
358,3/7/2006,North,Chin,ExcelIsVeryFun.com,FMP Item,2672.18,4858.51
359,3/5/2006,North,Jeri,Whole Foods,QXM Item,1032.29,2789.98
360,3/5/2006,North,Troung,Amazon.com,TKB Item,755.3,1373.27
361,3/2/2006,North,Sheliadawn,Solar and Wind Inc.,PUD Item,3827.04,8504.53
362,3/2/2006,North,Jon,The Economist,FOB Item,2450.76,3604.06
363,3/2/2006,North,Troung,Home Depot,WTJ Item,2916.71,3119.48
364,3/1/2006,North,Rhonda,Sherman Williams,FCV Item,4976.13,7317.84
365,3/1/2006,North,Troung,The Economist,IME Item,1843.84,3352.44
366,2/28/2006,North,Luke,Google,TVY Item,213.42,496.33
367,2/28/2006,North,Troung,Office Depot,MDM Item,125.9,340.27
368,2/26/2006,North,Jeri,ExcelIsVeryFun.com,AOV Item,2746.34,4038.74
369,2/20/2006,North,Steven,Solar and Wind Inc.,SWY Item,2423.79,5386.2
370,2/19/2006,North,Troung,ExcelIsVeryFun.com,GHH Item,7657.57,8701.78
371,2/18/2006,North,Chin,Amazon.com,GCY Item,3718.97,4958.62
372,2/11/2006,North,Sheliadawn,Peet's Coffee,LES Item,4972.22,9040.4
373,2/11/2006,North,Luke,Office Depot,VJU Item,2623.23,7089.82
374,2/10/2006,North,Steven,Whole Foods,TYZ Item,2542.44,5912.65
375,2/6/2006,North,Rhonda,Home Depot,KFE Item,1297.01,2236.23
376,2/4/2006,North,Chin,Yahoo,AIL Item,1142.98,2658.1
377,1/29/2006,North,Rhonda,Yahoo,ZCN Item,429.6,459.47
378,1/26/2006,North,Troung,McLendon's Hardware,DNN Item,6053.6,8071.46
379,1/26/2006,North,Troung,Whole Foods,MFN Item,1404.8,3121.78
380,1/23/2006,North,Jon,Office Depot,IZG Item,6394.51,9403.69
381,1/21/2006,North,Steven,The Economist,BCY Item,7438.07,8452.35
382,1/21/2006,North,Jon,Amazon.com,ZWS Item,600.02,882.38
383,1/20/2006,North,Jon,Sherman Williams,KAB Item,5095.41,6793.88
384,1/19/2006,North,Chin,The Economist,GWO Item,913.62,2469.24
385,1/17/2006,North,Luke,Office Depot,ZQG Item,259.3,471.45
386,1/11/2006,North,Jon,Costco,GIV Item,3163.78,4218.37
387,1/11/2006,North,Jeri,Amazon.com,BZE Item,3249.56,3475.47
388,1/10/2006,North,Jon,McLendon's Hardware,GDW Item,7176.73,7675.65
389,1/8/2006,North,Luke,Whole Foods,CXC Item,4349.1,4942.16
390,1/8/2006,North,Rhonda,Solar and Wind Inc.,SNK Item,2173.22,3683.42
391,1/8/2006,North,Steven,Home Depot,XSR Item,1194.39,2654.19
392,1/5/2006,North,Jon,Costco,GUS Item,3253.49,4337.98
393,1/4/2006,North,Jeri,Sherman Williams,CCA Item,3082.17,7167.84
394,1/3/2006,North,Jon,Google,RBN Item,4448.69,5055.33
395,1/1/2006,North,Chin,Amazon.com,RSL Item,2791.45,4731.27
396,12/31/2005,North,Sheliadawn,Costco,WKS Item,4764.71,8663.1
397,12/31/2005,North,Troung,Costco,TTK Item,2963.68,5023.18
398,12/27/2005,North,Steven,Costco,KCF Item,6101.1,8972.2
399,12/26/2005,North,Sheliadawn,Google,JMU Item,8598.61,9196.37
400,12/26/2005,North,Troung,Costco,XZK Item,1063.79,2473.93
401,12/22/2005,North,Jon,Costco,SRQ Item,4382.95,4980.62
402,12/20/2005,North,Chin,Sherman Williams,WGF Item,608.66,1049.42
403,12/18/2005,North,Steven,Costco,HSF Item,3553.81,9604.89
404,12/17/2005,North,Steven,Whole Foods,UOA Item,8077.53,8639.07
405,12/7/2005,North,Chin,Yahoo,UAL Item,5858.1,9928.99
406,12/6/2005,North,Steven,Google,FPO Item,1518.2,2024.27
407,12/3/2005,North,Steven,Nature Company,ICM Item,2650.34,6163.58
408,12/3/2005,North,Troung,Google,DKL Item,2314.61,5382.81
409,12/1/2005,North,Chin,ExcelIsVeryFun.com,PWQ Item,1459.53,1560.99
410,11/29/2005,North,Troung,Whole Foods,UJD Item,840.78,1528.69
411,11/26/2005,North,Jon,McLendon's Hardware,KCB Item,3184.46,7405.73
412,11/25/2005,North,Steven,Nature Company,MTA Item,3202.85,5522.16
413,11/24/2005,North,Steven,Yahoo,HKX Item,3269.84,7604.29
414,11/23/2005,North,Rhonda,ExcelIsVeryFun.com,KNN Item,1103.67,2982.89
415,11/20/2005,North,Troung,Amazon.com,EUZ Item,6202.68,6633.88
416,11/20/2005,North,Chin,Home Depot,FEK Item,1531.21,3560.96
417,11/19/2005,North,Troung,Home Depot,ZIT Item,5560.98,5947.57
418,11/19/2005,North,Jon,Office Depot,IWZ Item,399.95,533.27
419,11/16/2005,North,Steven,Office Depot,ULZ Item,4919.22,8944.04
420,11/15/2005,North,Jeri,Nature Company,ILH Item,4854.34,7138.73
421,11/15/2005,North,Steven,McLendon's Hardware,GGY Item,2345.62,2508.68
422,11/13/2005,North,Steven,Nature Company,OUO Item,3653.64,9874.69
423,11/8/2005,North,Steven,The Economist,INO Item,3336.16,5654.5
424,11/7/2005,North,Jon,Home Depot,XZA Item,5885.69,9975.75
425,11/6/2005,North,Jon,Nature Company,HWP Item,2922.29,7898.07
426,11/5/2005,North,Steven,The Economist,XIM Item,2510.19,5837.66
427,11/3/2005,North,Jeri,The Economist,QZD Item,3516.6,6393.82
428,11/3/2005,North,Sheliadawn,Sherman Williams,RZX Item,785.95,1429.0
429,11/1/2005,North,Jon,McLendon's Hardware,ULX Item,42.48,62.47
430,10/21/2005,North,Chin,Yahoo,WKL Item,8597.46,9195.14
431,10/20/2005,North,Chin,Google,CZE Item,5027.1,8667.42
432,10/17/2005,North,Steven,Whole Foods,GRM Item,5729.63,7639.51
433,10/16/2005,North,Troung,Amazon.com,KAJ Item,3111.47,8409.39
434,10/15/2005,North,Troung,Amazon.com,UON Item,926.09,2057.98
435,10/12/2005,North,Chin,Solar and Wind Inc.,UJM Item,1077.8,2395.12
436,10/9/2005,North,Jon,ExcelIsVeryFun.com,TBL Item,2718.95,6323.13
437,10/9/2005,North,Luke,Costco,XAS Item,2970.66,3177.18
438,10/7/2005,North,Chin,Sherman Williams,XNB Item,3464.64,6299.34
439,10/4/2005,North,Troung,Whole Foods,MDC Item,8748.78,9941.79
440,10/2/2005,North,Troung,Yahoo,YUZ Item,96.99,142.63
441,9/30/2005,North,Chin,McLendon's Hardware,XCZ Item,947.32,1013.18
442,9/30/2005,North,Steven,Google,XXH Item,610.9,898.38
443,9/26/2005,North,Troung,Solar and Wind Inc.,GMO Item,5590.28,7453.7
444,9/25/2005,North,Jeri,Yahoo,GWY Item,4152.54,9227.87
445,9/25/2005,North,Rhonda,Sherman Williams,TAC Item,3753.76,4265.64
446,9/24/2005,North,Jon,The Economist,LOI Item,2727.3,3636.4
447,9/21/2005,North,Chin,McLendon's Hardware,WMB Item,4252.09,7731.08
448,9/20/2005,North,Sheliadawn,Peet's Coffee,FBX Item,1458.19,1559.56
449,9/18/2005,North,Luke,Nature Company,FXK Item,5347.43,9722.6
450,9/17/2005,North,Luke,The Economist,QOJ Item,4906.85,6542.46
451,9/17/2005,North,Jeri,Peet's Coffee,GHF Item,1575.67,2864.86
452,9/14/2005,North,Jeri,Nature Company,YCJ Item,4949.87,6599.83
453,9/14/2005,North,Sheliadawn,McLendon's Hardware,VVT Item,3607.24,6558.62
454,9/11/2005,North,Rhonda,Sherman Williams,RKL Item,5649.9,8308.68
455,9/11/2005,North,Chin,Google,XUE Item,2990.26,8081.79
456,9/10/2005,North,Luke,Costco,XTI Item,3060.27,5564.13
457,9/9/2005,North,Steven,Solar and Wind Inc.,JCS Item,6992.64,7946.18
458,9/7/2005,North,Jon,Costco,OEX Item,1880.04,5081.19
459,9/6/2005,North,Chin,Office Depot,LXP Item,3619.67,9782.88
460,9/4/2005,North,Chin,Home Depot,AEB Item,2886.32,4976.42
461,9/2/2005,North,Jeri,ExcelIsVeryFun.com,WOP Item,4413.16,8023.92
462,9/1/2005,North,Troung,Google,PXE Item,7327.08,9769.44
463,8/30/2005,North,Troung,Yahoo,OIW Item,1506.7,3503.96
464,8/25/2005,North,Troung,ExcelIsVeryFun.com,WJP Item,2596.21,5769.35
465,8/24/2005,North,Luke,Costco,LMK Item,923.91,1049.9
466,8/24/2005,North,Rhonda,Whole Foods,KVV Item,531.65,916.64
467,8/23/2005,North,Steven,The Economist,MRD Item,5301.92,8986.3
468,8/7/2005,North,Steven,Google,IKX Item,4037.37,9389.23
469,8/4/2005,North,Steven,Office Depot,HKD Item,4911.25,5252.67
470,8/3/2005,North,Troung,Google,UKJ Item,2838.27,4893.57
471,7/30/2005,North,Luke,McLendon's Hardware,XCL Item,5237.02,6982.69
472,7/29/2005,North,Sheliadawn,Solar and Wind Inc.,BDC Item,966.49,1757.26
473,7/28/2005,North,Sheliadawn,Sherman Williams,DFR Item,2898.2,6739.99
474,7/28/2005,North,Jeri,Whole Foods,YCO Item,2875.13,5227.5
475,7/28/2005,North,Luke,Yahoo,DQI Item,1115.28,2027.79
476,7/27/2005,North,Chin,Google,LHL Item,5568.69,9438.45
477,7/20/2005,North,Steven,Solar and Wind Inc.,ELV Item,2051.05,4769.89
478,7/17/2005,North,Rhonda,Amazon.com,RWD Item,2341.16,3121.54
479,7/15/2005,North,Sheliadawn,Google,IAF Item,1908.55,2544.73
480,7/14/2005,North,Chin,Home Depot,VIT Item,4235.53,7700.97
481,7/13/2005,North,Luke,Google,RJB Item,5510.95,9340.6
482,7/12/2005,North,Jon,Office Depot,UNV Item,287.65,326.88
483,7/10/2005,North,Rhonda,McLendon's Hardware,ZST Item,4941.51,8984.56
484,7/9/2005,North,Jon,Peet's Coffee,SKY Item,2437.02,6586.53
485,7/4/2005,North,Rhonda,McLendon's Hardware,OVE Item,344.94,368.92
486,7/3/2005,North,Jon,Costco,YOU Item,1034.15,1783.01
487,7/1/2005,North,Troung,The Economist,NZW Item,2448.41,2618.62
488,6/24/2005,North,Sheliadawn,Costco,RLH Item,1402.97,1594.28
489,6/22/2005,North,Jeri,ExcelIsVeryFun.com,RYL Item,1658.9,3857.91
490,6/18/2005,North,Luke,Home Depot,YSR Item,1527.28,3393.96
491,6/17/2005,North,Jon,Peet's Coffee,YOY Item,6311.32,9281.35
492,6/16/2005,North,Sheliadawn,ExcelIsVeryFun.com,FKX Item,4235.8,4813.41
493,6/14/2005,North,Sheliadawn,Whole Foods,JFV Item,1378.24,3205.22
494,6/11/2005,North,Troung,Nature Company,UHK Item,3079.0,6842.23
495,6/6/2005,North,Troung,Sherman Williams,ZZU Item,989.7,2674.87
496,6/4/2005,North,Luke,Home Depot,KYJ Item,1895.99,3447.26
497,6/1/2005,North,Sheliadawn,Yahoo,HAK Item,8346.09,8926.3
498,5/30/2005,North,Steven,Costco,HPU Item,222.68,494.84
499,5/28/2005,North,Jeri,Costco,EHF Item,4924.26,8953.2
500,5/28/2005,North,Jon,Home Depot,RLN Item,2445.42,6609.23
501,5/27/2005,North,Steven,Nature Company,OGH Item,2116.4,4921.86
502,5/20/2005,North,Sheliadawn,Home Depot,XOU Item,3636.08,6269.11
503,5/19/2005,North,Chin,Costco,VQG Item,5267.87,5634.09
504,5/19/2005,North,Troung,Peet's Coffee,IKM Item,348.73,774.96
505,5/8/2005,North,Rhonda,Office Depot,STV Item,814.52,1810.04
506,5/5/2005,North,Luke,Solar and Wind Inc.,EXM Item,5754.94,9754.13
507,5/2/2005,North,Sheliadawn,Yahoo,LBC Item,1178.5,3185.13
508,5/1/2005,North,Steven,Sherman Williams,QIL Item,2952.36,3354.96
509,4/30/2005,North,Chin,Google,WPF Item,2401.73,6491.17
510,4/30/2005,North,Troung,Sherman Williams,BVD Item,2624.65,4448.56
511,4/27/2005,North,Luke,Nature Company,IBH Item,2387.45,2553.42
512,4/25/2005,North,Rhonda,Nature Company,EWC Item,8208.34,9327.66
513,4/25/2005,North,Luke,Whole Foods,SRN Item,4662.3,6856.33
514,4/23/2005,North,Chin,Home Depot,TOD Item,207.47,305.1
515,4/21/2005,North,Rhonda,Yahoo,PLO Item,2494.63,4301.08
516,4/15/2005,North,Troung,Costco,STS Item,4387.37,7436.22
517,4/14/2005,North,Chin,ExcelIsVeryFun.com,FDS Item,2823.15,6273.66
518,4/14/2005,North,Luke,Nature Company,VZO Item,447.35,1209.05
519,4/9/2005,North,Jon,ExcelIsVeryFun.com,WWR Item,4048.58,5953.8
520,4/7/2005,North,Jeri,Nature Company,IFX Item,5761.58,6162.12
521,4/7/2005,North,Luke,Office Depot,VRK Item,4155.9,6111.62
522,4/7/2005,North,Rhonda,Solar and Wind Inc.,SAK Item,865.99,1924.43
523,4/5/2005,North,Jeri,Amazon.com,VCV Item,4593.69,6755.43
524,4/3/2005,North,Steven,Costco,WJT Item,732.19,1978.89
525,3/28/2005,North,Jon,Solar and Wind Inc.,PPV Item,374.39,1011.87
526,3/26/2005,North,Luke,Yahoo,ECG Item,4993.19,9078.53
527,3/24/2005,North,Jeri,Costco,ZCV Item,3540.59,6437.43
528,3/20/2005,North,Jon,Yahoo,QZK Item,3705.64,6389.03
529,3/15/2005,North,Chin,Sherman Williams,QDF Item,1115.88,1268.05
530,3/14/2005,North,Steven,Whole Foods,INI Item,2282.18,3356.15
531,3/12/2005,North,Luke,ExcelIsVeryFun.com,UKX Item,1499.63,2205.34
532,3/11/2005,North,Troung,Solar and Wind Inc.,ATJ Item,2597.27,4478.05
533,3/8/2005,North,Sheliadawn,Home Depot,BHM Item,62.33,83.1
534,2/28/2005,North,Chin,Whole Foods,DFX Item,854.76,1899.47
535,2/27/2005,North,Troung,Google,NFX Item,5707.82,6486.16
536,2/26/2005,North,Chin,The Economist,HTD Item,3176.73,4235.64
537,2/26/2005,North,Steven,Peet's Coffee,TMU Item,1410.76,1508.83
538,2/25/2005,North,Steven,Home Depot,SXM Item,3112.87,4150.49
539,2/18/2005,North,Rhonda,The Economist,VRS Item,3065.08,8283.99
540,2/17/2005,North,Sheliadawn,Whole Foods,QHL Item,2036.94,3703.52
541,2/14/2005,North,Luke,Amazon.com,JGN Item,1698.67,4590.99
542,2/8/2005,North,Luke,Amazon.com,QDO Item,3726.31,4234.44
543,2/7/2005,North,Rhonda,The Economist,BSR Item,2178.46,4841.03
544,2/7/2005,North,Luke,McLendon's Hardware,MUF Item,3726.03,3985.06
545,2/6/2005,North,Jon,McLendon's Hardware,HJZ Item,5322.37,7827.02
546,2/6/2005,North,Jon,The Economist,TLQ Item,2084.69,5634.31
547,1/29/2005,North,Rhonda,Solar and Wind Inc.,XFU Item,969.04,2253.57
548,1/29/2005,North,Chin,Amazon.com,TSR Item,185.38,272.62
549,1/28/2005,North,Steven,Sherman Williams,RVI Item,510.95,681.27
550,1/27/2005,North,Troung,ExcelIsVeryFun.com,VPP Item,1915.55,5177.16
551,1/27/2005,North,Sheliadawn,Google,MUA Item,2050.25,3727.72
552,1/26/2005,North,Jeri,Nature Company,YIV Item,916.59,1222.12
553,1/25/2005,North,Jon,The Economist,ZJS Item,5002.53,6670.04
554,1/22/2005,North,Sheliadawn,Amazon.com,BKQ Item,521.25,1408.78
555,1/20/2005,North,Chin,Nature Company,ZZU Item,5085.31,6780.41
556,1/20/2005,North,Jon,Office Depot,KZG Item,466.65,1085.23
557,1/16/2005,North,Jon,Office Depot,NLD Item,3468.34,6306.08
558,1/15/2005,North,Chin,Whole Foods,SXF Item,2303.82,3071.76
559,1/12/2005,North,Chin,Amazon.com,YHR Item,3305.9,7346.45
560,1/10/2005,North,Troung,Amazon.com,NBH Item,5815.1,6608.07
561,1/9/2005,North,Jon,Costco,MYE Item,3330.01,7400.03
562,1/7/2005,North,Luke,Solar and Wind Inc.,JEC Item,3894.43,6600.73
563,1/3/2005,North,Chin,Google,DVU Item,1690.76,3074.11
564,1/2/2005,North,Jon,Sherman Williams,XSP Item,4158.2,5544.26
565,12/31/2004,North,Steven,ExcelIsVeryFun.com,YAE Item,8667.17,9849.06
566,12/27/2004,North,Jeri,The Economist,KWJ Item,5832.41,7776.55
567,12/27/2004,North,Jon,Peet's Coffee,JLP Item,1919.0,3252.54
568,12/21/2004,North,Luke,The Economist,WSA Item,1749.07,1870.66
569,12/14/2004,North,Chin,Office Depot,NCF Item,4676.44,8062.83
570,12/14/2004,North,Jon,Nature Company,JSK Item,699.7,1206.38
571,12/11/2004,North,Luke,Home Depot,LFD Item,3413.63,9226.02
572,12/8/2004,North,Chin,ExcelIsVeryFun.com,EOP Item,5488.98,9303.35
573,12/7/2004,North,Rhonda,Google,EHO Item,2540.2,2886.59
574,12/6/2004,North,Jeri,Home Depot,NJY Item,54.29,126.25
575,12/4/2004,North,Chin,Whole Foods,VHG Item,2970.7,4368.67
576,12/4/2004,North,Steven,The Economist,RDD Item,1980.14,2640.18
577,12/1/2004,North,Jeri,Costco,CJK Item,7115.33,8085.6
578,12/1/2004,North,Sheliadawn,Home Depot,BPJ Item,730.54,1238.2
579,11/29/2004,North,Sheliadawn,Nature Company,HQT Item,4756.44,6994.77
580,11/26/2004,North,Chin,ExcelIsVeryFun.com,MFB Item,3238.57,3463.71
581,11/23/2004,North,Jeri,Sherman Williams,KGM Item,4699.11,5339.9
582,11/23/2004,North,Troung,Amazon.com,PJA Item,682.21,1240.38
583,11/21/2004,North,Rhonda,Nature Company,NDX Item,5029.9,8525.25
584,11/19/2004,North,Jon,Home Depot,ZZU Item,4198.02,7115.29
585,11/10/2004,North,Steven,Whole Foods,IGA Item,243.9,443.46
586,11/4/2004,North,Rhonda,Whole Foods,VBF Item,5753.49,9919.81
587,10/30/2004,North,Sheliadawn,Whole Foods,UFK Item,4304.0,7825.46
588,10/20/2004,North,Troung,Yahoo,XKA Item,5499.78,8087.91
589,10/20/2004,North,Chin,Costco,AUC Item,6214.08,7061.45
590,10/12/2004,North,Jeri,ExcelIsVeryFun.com,CHE Item,3837.65,4104.44
591,10/12/2004,North,Jon,Costco,GOC Item,2274.3,3921.21
592,10/9/2004,North,Jon,Sherman Williams,BVR Item,3347.67,7439.26
593,10/7/2004,North,Troung,Yahoo,HVG Item,4572.01,7882.77
594,10/4/2004,North,Luke,Office Depot,VLI Item,4398.06,6467.74
595,10/3/2004,North,Steven,Home Depot,KXK Item,975.03,2267.52
596,9/30/2004,North,Steven,Office Depot,GFQ Item,3523.64,9523.35
597,9/30/2004,North,Sheliadawn,Amazon.com,FZM Item,5505.86,9492.87
598,9/30/2004,North,Chin,Google,RIX Item,2896.02,4993.14
599,9/26/2004,North,Jon,Solar and Wind Inc.,NRS Item,3621.15,8421.28
600,9/25/2004,North,Rhonda,Amazon.com,WDM Item,2641.9,5870.88
601,9/24/2004,North,Luke,Sherman Williams,RYV Item,6159.04,9057.41
602,9/24/2004,North,Luke,Office Depot,IDK Item,112.8,128.18
603,9/21/2004,North,Sheliadawn,ExcelIsVeryFun.com,ECP Item,2008.8,3463.45
604,9/20/2004,North,Chin,Peet's Coffee,AHW Item,939.33,1381.37
605,9/19/2004,North,Luke,Office Depot,SSJ Item,115.35,209.73
606,9/17/2004,North,Luke,The Economist,XBK Item,913.61,2469.21
607,9/16/2004,North,Jon,McLendon's Hardware,MIY Item,828.59,2239.44
608,9/10/2004,North,Troung,Sherman Williams,RUN Item,2852.34,7709.04
609,9/8/2004,North,Chin,ExcelIsVeryFun.com,KBG Item,1160.24,2698.24
610,9/7/2004,North,Jon,Yahoo,YLH Item,3498.19,8135.32
611,9/7/2004,North,Sheliadawn,Nature Company,NCH Item,5047.35,5398.23
612,9/6/2004,North,Troung,Whole Foods,EGR Item,3595.48,8361.59
613,9/6/2004,North,Sheliadawn,McLendon's Hardware,NXM Item,2808.36,4759.93
614,8/28/2004,North,Jon,Home Depot,EHE Item,5363.15,7886.99
615,8/28/2004,North,Steven,Peet's Coffee,MEJ Item,964.14,1417.86
616,8/23/2004,North,Luke,Yahoo,IQK Item,3304.61,7343.57
617,8/23/2004,North,Chin,Yahoo,VNQ Item,969.23,1762.24
618,8/22/2004,North,Luke,Home Depot,QFG Item,3448.96,9321.51
619,8/18/2004,North,Chin,Home Depot,OIK Item,2575.34,4682.43
620,8/16/2004,North,Steven,Amazon.com,CUN Item,2645.06,2828.94
621,8/13/2004,North,Jeri,ExcelIsVeryFun.com,KPY Item,8446.46,9598.25
622,8/10/2004,North,Troung,Costco,NFU Item,234.09,266.01
623,8/9/2004,North,Troung,Office Depot,ZEB Item,1950.72,2216.73
624,8/3/2004,North,Steven,Whole Foods,VKR Item,3758.96,8741.77
625,8/3/2004,North,Luke,ExcelIsVeryFun.com,MME Item,1281.18,3462.65
626,8/1/2004,North,Chin,Costco,AXW Item,2934.9,3335.11
627,7/28/2004,North,Luke,Sherman Williams,MZC Item,3856.14,8967.77
628,7/28/2004,North,Troung,Costco,XTG Item,4400.11,5000.12
629,7/25/2004,North,Sheliadawn,Amazon.com,XZQ Item,307.45,409.93
630,7/24/2004,North,Luke,Google,RAP Item,4232.25,9404.99
631,7/24/2004,North,Jon,The Economist,TAK Item,3807.97,8462.16
632,7/23/2004,North,Luke,The Economist,ANU Item,4591.39,7916.19
633,7/20/2004,North,Jeri,Solar and Wind Inc.,JDA Item,4411.09,7476.42
634,7/19/2004,North,Chin,Sherman Williams,YMA Item,1832.05,3105.17
635,7/19/2004,North,Troung,Peet's Coffee,JUQ Item,826.73,1503.14
636,7/15/2004,North,Luke,Google,WGY Item,1049.97,1779.61
637,7/14/2004,North,Steven,Office Depot,QYZ Item,4413.68,9808.18
638,7/10/2004,North,Rhonda,Home Depot,EUL Item,4456.28,9902.84
639,7/10/2004,North,Chin,Yahoo,RCA Item,1904.67,3228.26
640,7/9/2004,North,Rhonda,Whole Foods,JUX Item,5626.65,7502.2
641,7/8/2004,North,Steven,Solar and Wind Inc.,UZJ Item,3734.64,4979.52
642,7/2/2004,North,Chin,Home Depot,KIC Item,4467.46,8122.65
643,6/29/2004,North,Jeri,McLendon's Hardware,FMA Item,1565.07,2845.59
644,6/27/2004,North,Troung,Solar and Wind Inc.,CRR Item,3785.5,8803.48
645,6/24/2004,North,Steven,Home Depot,ZTU Item,1712.08,1945.54
646,6/23/2004,North,Troung,Costco,TBS Item,776.83,1412.42
647,6/23/2004,North,Troung,Solar and Wind Inc.,ZBQ Item,1197.63,1280.89
648,6/17/2004,North,Chin,ExcelIsVeryFun.com,KVM Item,8271.49,9399.42
649,6/16/2006,NorthEast,Jon,Google,QJV Item,1835.9,3165.34
650,6/15/2006,NorthEast,Jon,Amazon.com,ZET Item,6971.5,9295.33
651,6/14/2006,NorthEast,Jeri,Costco,ZET Item,2065.11,4589.14
652,6/14/2006,NorthEast,Troung,Sherman Williams,LZB Item,2553.28,3754.82
653,6/14/2006,NorthEast,Steven,Peet's Coffee,EJL Item,2315.43,3405.05
654,6/12/2006,NorthEast,Chin,Sherman Williams,SOC Item,2964.48,5389.96
655,6/12/2006,NorthEast,Jeri,Peet's Coffee,SKM Item,2292.22,5330.75
656,6/10/2006,NorthEast,Troung,Google,DVC Item,3411.56,3648.73
657,6/9/2006,NorthEast,Sheliadawn,Office Depot,GNN Item,4426.9,7503.22
658,6/9/2006,NorthEast,Steven,Google,HFJ Item,1381.68,2382.2
659,6/8/2006,NorthEast,Rhonda,Sherman Williams,SWQ Item,4295.72,9990.04
660,6/7/2006,NorthEast,Steven,Home Depot,RNI Item,1569.51,2660.19
661,6/7/2006,NorthEast,Jeri,Google,XPW Item,1155.05,1698.6
662,6/7/2006,NorthEast,Jon,Amazon.com,ALY Item,391.9,870.88
663,6/6/2006,NorthEast,Chin,ExcelIsVeryFun.com,VNM Item,5231.12,6974.83
664,6/5/2006,NorthEast,Jeri,The Economist,DMN Item,1755.66,2581.85
665,6/5/2006,NorthEast,Luke,Peet's Coffee,ARS Item,1012.15,1082.51
666,6/2/2006,NorthEast,Chin,Whole Foods,FBZ Item,4304.31,4603.54
667,6/1/2006,NorthEast,Steven,Office Depot,EKD Item,1276.16,1701.54
668,5/31/2006,NorthEast,Jon,ExcelIsVeryFun.com,YIP Item,4494.45,9987.66
669,5/29/2006,NorthEast,Steven,Yahoo,TYG Item,305.02,326.22
670,5/26/2006,NorthEast,Rhonda,Google,HFP Item,5846.42,7795.22
671,5/26/2006,NorthEast,Jeri,Nature Company,BXP Item,3631.51,6155.11
672,5/26/2006,NorthEast,Jeri,Sherman Williams,YER Item,194.82,354.22
673,5/24/2006,NorthEast,Jeri,Yahoo,EKO Item,823.98,2226.97
674,5/23/2006,NorthEast,Jeri,Whole Foods,BZX Item,6767.51,7690.35
675,5/22/2006,NorthEast,Troung,Peet's Coffee,KXU Item,3963.81,8808.46
676,5/22/2006,NorthEast,Steven,Nature Company,PAB Item,2827.52,4792.4
677,5/21/2006,NorthEast,Jon,Home Depot,OSP Item,3569.89,4056.69
678,5/19/2006,NorthEast,Luke,McLendon's Hardware,TLJ Item,3908.89,4441.92
679,5/18/2006,NorthEast,Jeri,Solar and Wind Inc.,SUA Item,3731.09,8291.32
680,5/18/2006,NorthEast,Rhonda,The Economist,DIO Item,4246.57,4541.79
681,5/18/2006,NorthEast,Troung,Peet's Coffee,DML Item,406.25,738.63
682,5/17/2006,NorthEast,Sheliadawn,Sherman Williams,TUV Item,5365.17,9754.86
683,5/17/2006,NorthEast,Jon,Solar and Wind Inc.,JZS Item,2764.4,4766.2
684,5/16/2006,NorthEast,Sheliadawn,Sherman Williams,ONY Item,272.13,604.74
685,5/15/2006,NorthEast,Chin,Whole Foods,WXP Item,1018.25,2752.03
686,5/14/2006,NorthEast,Sheliadawn,Home Depot,ZNN Item,5409.03,9325.91
687,5/14/2006,NorthEast,Jeri,ExcelIsVeryFun.com,MBI Item,3559.26,4745.68
688,5/14/2006,NorthEast,Troung,Solar and Wind Inc.,FNY Item,692.47,923.29
689,5/13/2006,NorthEast,Sheliadawn,Whole Foods,ODT Item,2076.53,4614.5
690,5/12/2006,NorthEast,Steven,Home Depot,DRO Item,4764.98,8215.49
691,5/10/2006,NorthEast,Jon,Sherman Williams,IWV Item,4030.73,7328.6
692,5/10/2006,NorthEast,Jeri,Whole Foods,FPN Item,1855.42,5014.65
693,5/10/2006,NorthEast,Steven,Peet's Coffee,ARF Item,637.45,1722.83
694,5/7/2006,NorthEast,Chin,Home Depot,YWZ Item,5026.51,8519.51
695,5/4/2006,NorthEast,Jon,Sherman Williams,OEH Item,7980.08,8534.85
696,5/3/2006,NorthEast,Steven,Whole Foods,GPA Item,4846.96,5183.91
697,5/3/2006,NorthEast,Rhonda,Google,MHX Item,2075.59,3773.8
698,5/2/2006,NorthEast,Jon,Amazon.com,TRJ Item,5363.04,7886.83
699,5/2/2006,NorthEast,Troung,Google,KKL Item,1775.08,4797.5
700,5/1/2006,NorthEast,Luke,Peet's Coffee,DSQ Item,3750.08,8721.11
701,5/1/2006,NorthEast,Sheliadawn,Google,OLD Item,3297.05,7326.77
702,5/1/2006,NorthEast,Sheliadawn,McLendon's Hardware,MVT Item,3650.9,5368.97
703,5/1/2006,NorthEast,Chin,ExcelIsVeryFun.com,HJR Item,3084.07,5317.37
704,5/1/2006,NorthEast,Jon,Home Depot,STH Item,2081.3,4840.24
705,5/1/2006,NorthEast,Rhonda,McLendon's Hardware,QIT Item,2347.59,3130.12
706,4/30/2006,NorthEast,Chin,Yahoo,IAJ Item,2796.4,3177.73
707,4/26/2006,NorthEast,Steven,Sherman Williams,ONV Item,317.27,737.84
708,4/25/2006,NorthEast,Steven,ExcelIsVeryFun.com,SHL Item,3342.26,7427.24
709,4/21/2006,NorthEast,Steven,Nature Company,AAA Item,3627.81,8061.8
710,4/20/2006,NorthEast,Troung,Yahoo,SQZ Item,5717.91,9691.38
711,4/19/2006,NorthEast,Troung,Whole Foods,CSZ Item,1741.02,4048.89
712,4/19/2006,NorthEast,Chin,Home Depot,ZEQ Item,2382.95,3177.26
713,4/16/2006,NorthEast,Luke,The Economist,ESO Item,6989.46,7942.57
714,4/16/2006,NorthEast,Sheliadawn,Costco,WFJ Item,2986.66,4392.14
715,4/15/2006,NorthEast,Troung,Costco,WCX Item,1182.05,3194.72
716,4/14/2006,NorthEast,Chin,Whole Foods,NXJ Item,5822.5,9868.64
717,4/14/2006,NorthEast,Jeri,Whole Foods,PVI Item,6416.84,6862.93
718,4/14/2006,NorthEast,Luke,Peet's Coffee,NXA Item,343.22,762.71
719,4/14/2006,NorthEast,Jon,Sherman Williams,GIJ Item,189.83,203.03
720,4/13/2006,NorthEast,Chin,ExcelIsVeryFun.com,TNQ Item,457.76,1237.18
721,4/12/2006,NorthEast,Jon,Office Depot,VDQ Item,5261.61,8917.98
722,4/12/2006,NorthEast,Rhonda,Amazon.com,GXO Item,4866.6,8390.69
723,4/11/2006,NorthEast,Luke,Whole Foods,BZU Item,3267.6,7599.08
724,4/9/2006,NorthEast,Rhonda,Home Depot,JMN Item,1786.35,2029.94
725,4/7/2006,NorthEast,Chin,Home Depot,UJN Item,3150.28,8514.27
726,4/7/2006,NorthEast,Rhonda,McLendon's Hardware,PTC Item,2178.09,3691.67
727,4/7/2006,NorthEast,Steven,Amazon.com,PZY Item,1664.5,2869.83
728,4/7/2006,NorthEast,Chin,Nature Company,ASS Item,913.3,1574.66
729,4/5/2006,NorthEast,Jeri,Costco,FSJ Item,4647.29,8449.61
730,4/4/2006,NorthEast,Chin,Yahoo,QMS Item,4973.4,9042.55
731,4/4/2006,NorthEast,Jeri,Yahoo,KDX Item,1231.8,2737.33
732,4/4/2006,NorthEast,Jon,Nature Company,KVA Item,1070.95,1815.17
733,4/3/2006,NorthEast,Steven,Amazon.com,IYC Item,6397.68,6842.44
734,4/1/2006,NorthEast,Rhonda,Sherman Williams,CUK Item,1908.77,4241.7
735,3/31/2006,NorthEast,Luke,Home Depot,GSJ Item,714.16,1050.23
736,3/29/2006,NorthEast,Steven,McLendon's Hardware,BYN Item,525.56,906.14
737,3/26/2006,NorthEast,Steven,Office Depot,BLJ Item,2736.15,4637.55
738,3/26/2006,NorthEast,Sheliadawn,Costco,OEI Item,1619.56,3599.03
739,3/25/2006,NorthEast,Steven,Peet's Coffee,HXH Item,1044.98,1899.96
740,3/24/2006,NorthEast,Steven,Costco,YCD Item,141.08,313.52
741,3/23/2006,NorthEast,Jeri,Office Depot,HQY Item,5256.5,8909.33
742,3/23/2006,NorthEast,Luke,Nature Company,QPC Item,1283.26,3468.28
743,3/23/2006,NorthEast,Steven,Yahoo,BJL Item,1050.79,2839.96
744,3/23/2006,NorthEast,Troung,Costco,TSF Item,1496.69,2721.26
745,3/22/2006,NorthEast,Luke,McLendon's Hardware,DQR Item,1547.53,2813.69
746,3/20/2006,NorthEast,Troung,The Economist,BVK Item,86.16,200.37
747,3/18/2006,NorthEast,Jeri,The Economist,TZF Item,4003.05,7278.27
748,3/17/2006,NorthEast,Steven,Sherman Williams,OCL Item,3308.41,8941.64
749,3/16/2006,NorthEast,Chin,Google,APF Item,9007.05,9633.21
750,3/15/2006,NorthEast,Luke,Amazon.com,UZF Item,5948.17,6759.28
751,3/11/2006,NorthEast,Rhonda,Google,SLB Item,3255.31,4787.22
752,3/10/2006,NorthEast,Steven,Home Depot,SZM Item,2963.23,8008.74
753,3/8/2006,NorthEast,Steven,Solar and Wind Inc.,MMT Item,975.74,1774.07
754,3/8/2006,NorthEast,Chin,Whole Foods,XOS Item,218.27,291.03
755,3/6/2006,NorthEast,Troung,Solar and Wind Inc.,JMV Item,7657.33,8189.66
756,3/6/2006,NorthEast,Troung,Yahoo,CMW Item,1880.97,4374.36
757,3/6/2006,NorthEast,Jon,Solar and Wind Inc.,LOI Item,2356.68,4284.88
758,3/4/2006,NorthEast,Jeri,ExcelIsVeryFun.com,OBP Item,5659.94,7546.58
759,3/4/2006,NorthEast,Rhonda,The Economist,ZRF Item,361.34,976.59
760,3/3/2006,NorthEast,Sheliadawn,The Economist,WUG Item,428.12,738.14
761,3/2/2006,NorthEast,Steven,McLendon's Hardware,YJU Item,3802.89,6556.7
762,3/2/2006,NorthEast,Sheliadawn,Nature Company,JHA Item,2779.36,2972.58
763,3/1/2006,NorthEast,Rhonda,Sherman Williams,MKO Item,1885.71,4190.46
764,2/28/2006,NorthEast,Jon,The Economist,SFA Item,206.69,275.59
765,2/25/2006,NorthEast,Troung,Google,KAP Item,4071.83,6901.41
766,2/25/2006,NorthEast,Troung,ExcelIsVeryFun.com,RUH Item,1315.11,1406.53
767,2/23/2006,NorthEast,Sheliadawn,Amazon.com,KKR Item,2010.01,4466.69
768,2/22/2006,NorthEast,Jeri,Amazon.com,XAC Item,793.91,1167.51
769,2/20/2006,NorthEast,Steven,Yahoo,SQA Item,1003.51,1700.86
770,2/18/2006,NorthEast,Sheliadawn,Sherman Williams,UHW Item,6112.91,6537.87
771,2/17/2006,NorthEast,Chin,Amazon.com,LRX Item,1350.06,3000.14
772,2/15/2006,NorthEast,Chin,Costco,TGL Item,58.76,158.81
773,2/14/2006,NorthEast,Jon,The Economist,ULW Item,7539.6,8063.74
774,2/14/2006,NorthEast,Jon,Peet's Coffee,LOP Item,4800.89,7060.13
775,2/13/2006,NorthEast,Luke,Yahoo,XDA Item,4096.4,9526.51
776,2/13/2006,NorthEast,Chin,Whole Foods,DDC Item,5856.69,8612.78
777,2/12/2006,NorthEast,Steven,McLendon's Hardware,JXF Item,5925.92,7901.22
778,2/12/2006,NorthEast,Luke,Yahoo,EXO Item,236.19,252.61
779,2/10/2006,NorthEast,Troung,Solar and Wind Inc.,WZE Item,521.67,592.81
780,2/8/2006,NorthEast,Jeri,Nature Company,YBX Item,2764.69,7472.14
781,2/7/2006,NorthEast,Sheliadawn,Yahoo,GXR Item,4087.7,7047.75
782,2/6/2006,NorthEast,Sheliadawn,Peet's Coffee,GLG Item,3446.42,8014.94
783,2/6/2006,NorthEast,Jeri,Google,NFU Item,1549.97,4189.12
784,2/4/2006,NorthEast,Jeri,The Economist,TPL Item,3381.49,9139.17
785,2/2/2006,NorthEast,Chin,The Economist,YKX Item,3025.76,3236.11
786,2/2/2006,NorthEast,Troung,ExcelIsVeryFun.com,KAE Item,7.41,12.56
787,2/1/2006,NorthEast,Jeri,Office Depot,BGN Item,2812.14,3195.61
788,2/1/2006,NorthEast,Sheliadawn,Google,IUW Item,141.77,208.48
789,1/31/2006,NorthEast,Luke,Yahoo,QVI Item,3047.44,5540.8
790,1/29/2006,NorthEast,Troung,ExcelIsVeryFun.com,PSG Item,2809.75,3005.08
791,1/26/2006,NorthEast,Chin,Home Depot,HPV Item,6225.63,9155.34
792,1/24/2006,NorthEast,Sheliadawn,Google,OZX Item,8339.55,9476.76
793,1/24/2006,NorthEast,Steven,Google,NNA Item,7774.05,8314.49
794,1/22/2006,NorthEast,Jeri,Solar and Wind Inc.,KFK Item,1334.44,3103.34
795,1/22/2006,NorthEast,Jeri,McLendon's Hardware,EQL Item,1385.9,3079.77
796,1/21/2006,NorthEast,Sheliadawn,Home Depot,ELN Item,1438.4,2615.28
797,1/20/2006,NorthEast,Jeri,Nature Company,NEE Item,2790.65,4811.47
798,1/20/2006,NorthEast,Troung,The Economist,EYP Item,2705.44,4664.56
799,1/20/2006,NorthEast,Chin,Peet's Coffee,KFL Item,871.22,990.02
800,1/20/2006,NorthEast,Jon,ExcelIsVeryFun.com,CIH Item,669.45,892.6
801,1/19/2006,NorthEast,Chin,Amazon.com,FLK Item,5358.77,7880.54
802,1/17/2006,NorthEast,Troung,The Economist,GAK Item,345.52,585.62
803,1/13/2006,NorthEast,Sheliadawn,Sherman Williams,WYL Item,5389.28,6124.18
804,1/9/2006,NorthEast,Rhonda,Solar and Wind Inc.,NZX Item,725.55,1229.75
805,1/6/2006,NorthEast,Rhonda,Sherman Williams,DIP Item,6567.72,8756.96
806,1/6/2006,NorthEast,Luke,Office Depot,BWK Item,124.46,226.29
807,1/5/2006,NorthEast,Jon,Google,GNZ Item,849.06,1886.81
808,1/5/2006,NorthEast,Luke,Yahoo,LVD Item,241.66,322.21
809,1/5/2006,NorthEast,Luke,Costco,URE Item,122.82,131.36
810,1/4/2006,NorthEast,Troung,Nature Company,TQY Item,3864.64,6663.18
811,1/3/2006,NorthEast,Chin,Solar and Wind Inc.,PTM Item,3072.93,3286.56
812,1/1/2006,NorthEast,Troung,Whole Foods,EHO Item,1251.69,2121.5
813,1/1/2006,NorthEast,Rhonda,Nature Company,OTA Item,727.48,1691.82
814,1/1/2006,NorthEast,Jon,Google,ZDE Item,429.22,572.29
815,12/31/2005,NorthEast,Steven,McLendon's Hardware,YCJ Item,8192.47,9309.62
816,12/31/2005,NorthEast,Troung,Google,YLN Item,6969.47,7453.98
817,12/29/2005,NorthEast,Sheliadawn,Nature Company,KNH Item,5622.97,9530.46
818,12/29/2005,NorthEast,Chin,Sherman Williams,LEO Item,3132.68,7285.31
819,12/29/2005,NorthEast,Chin,Home Depot,BOQ Item,3964.51,6835.37
820,12/29/2005,NorthEast,Troung,McLendon's Hardware,LPY Item,687.21,1249.47
821,12/29/2005,NorthEast,Steven,Whole Foods,FZS Item,359.26,619.42
822,12/29/2005,NorthEast,Steven,ExcelIsVeryFun.com,SNZ Item,13.9,30.88
823,12/28/2005,NorthEast,Troung,ExcelIsVeryFun.com,NYZ Item,6404.27,8539.03
824,12/28/2005,NorthEast,Jon,The Economist,ICS Item,3728.66,6319.77
825,12/26/2005,NorthEast,Chin,Nature Company,EMO Item,5533.4,5918.08
826,12/26/2005,NorthEast,Chin,Amazon.com,ZND Item,3309.46,3760.75
827,12/25/2005,NorthEast,Rhonda,Office Depot,NYC Item,1812.14,2416.19
828,12/22/2005,NorthEast,Jeri,Nature Company,NXU Item,2974.3,3181.07
829,12/20/2005,NorthEast,Jon,Office Depot,EIE Item,2212.82,5146.1
830,12/20/2005,NorthEast,Chin,Yahoo,RLL Item,653.47,1188.13
831,12/17/2005,NorthEast,Sheliadawn,Yahoo,MJE Item,3549.92,7888.7
832,12/17/2005,NorthEast,Rhonda,Yahoo,YCR Item,1693.79,4577.8
833,12/17/2005,NorthEast,Rhonda,Yahoo,ZHN Item,1382.03,3214.02
834,12/17/2005,NorthEast,Sheliadawn,Costco,WWD Item,1528.84,2779.7
835,12/17/2005,NorthEast,Troung,Nature Company,PGS Item,1496.06,1700.07
836,12/14/2005,NorthEast,Steven,Amazon.com,RWH Item,2964.76,6588.35
837,12/14/2005,NorthEast,Chin,Amazon.com,SVF Item,947.64,2203.81
838,12/14/2005,NorthEast,Troung,Costco,GYO Item,1066.29,1938.7
839,12/12/2005,NorthEast,Luke,Solar and Wind Inc.,MQW Item,92.28,135.7
840,12/11/2005,NorthEast,Jeri,Home Depot,WPD Item,3140.58,5414.79
841,12/9/2005,NorthEast,Jon,Amazon.com,YQS Item,1479.24,3287.19
842,12/7/2005,NorthEast,Sheliadawn,ExcelIsVeryFun.com,AIQ Item,4257.44,6260.94
843,12/5/2005,NorthEast,Jon,Sherman Williams,QRB Item,851.62,2301.68
844,12/5/2005,NorthEast,Jeri,Sherman Williams,SSU Item,1323.12,2242.57
845,12/4/2005,NorthEast,Troung,Google,OLK Item,5219.73,5582.6
846,12/4/2005,NorthEast,Steven,Peet's Coffee,RRO Item,5053.61,5404.93
847,12/4/2005,NorthEast,Rhonda,Office Depot,TXF Item,3171.6,5375.59
848,12/4/2005,NorthEast,Sheliadawn,Solar and Wind Inc.,NRT Item,2348.6,3980.67
849,12/3/2005,NorthEast,Steven,Costco,XDV Item,1011.25,1487.13
850,12/2/2005,NorthEast,Luke,Yahoo,CUM Item,2579.63,4690.24
851,12/1/2005,NorthEast,Troung,McLendon's Hardware,TQR Item,3436.89,4582.52
852,11/30/2005,NorthEast,Troung,Sherman Williams,GVC Item,218.44,508.01
853,11/28/2005,NorthEast,Luke,Solar and Wind Inc.,EKI Item,150.74,274.07
854,11/24/2005,NorthEast,Troung,Office Depot,CPL Item,2959.1,5101.89
855,11/23/2005,NorthEast,Sheliadawn,ExcelIsVeryFun.com,QQJ Item,3256.97,5615.46
856,11/23/2005,NorthEast,Luke,Amazon.com,PFD Item,3666.64,4888.85
857,11/22/2005,NorthEast,Jeri,Costco,SXM Item,5646.13,9569.71
858,11/21/2005,NorthEast,Rhonda,Costco,VOT Item,3180.82,8596.8
859,11/20/2005,NorthEast,Luke,The Economist,XZF Item,1950.3,4334.01
860,11/19/2005,NorthEast,Jeri,Costco,AKY Item,1193.47,1591.29
861,11/18/2005,NorthEast,Sheliadawn,Whole Foods,HFB Item,1059.28,1557.77
862,11/17/2005,NorthEast,Steven,Costco,RGD Item,4276.92,9946.32
863,11/17/2005,NorthEast,Chin,Solar and Wind Inc.,FNL Item,4996.32,8468.34
864,11/16/2005,NorthEast,Sheliadawn,Amazon.com,EMI Item,3606.36,9746.92
865,11/16/2005,NorthEast,Steven,McLendon's Hardware,PYA Item,816.17,1407.19
866,11/13/2005,NorthEast,Sheliadawn,Whole Foods,KNX Item,4231.46,7693.57
867,11/13/2005,NorthEast,Chin,Costco,UOP Item,833.05,1937.32
868,11/11/2005,NorthEast,Sheliadawn,McLendon's Hardware,UCB Item,1803.84,4875.24
869,11/10/2005,NorthEast,Jon,Whole Foods,ZNE Item,8311.6,9445.0
870,11/9/2005,NorthEast,Jeri,Nature Company,ROR Item,2245.15,3301.69
871,11/9/2005,NorthEast,Luke,Google,TTM Item,203.69,271.58
872,11/8/2005,NorthEast,Rhonda,ExcelIsVeryFun.com,VQK Item,7205.11,7706.0
873,11/3/2005,NorthEast,Jeri,Nature Company,KQH Item,1380.91,3732.18
874,11/2/2005,NorthEast,Steven,Sherman Williams,PXY Item,8071.51,8632.63
875,10/29/2005,NorthEast,Jon,Amazon.com,VXX Item,2969.99,8027.0
876,10/29/2005,NorthEast,Steven,Nature Company,KEH Item,1712.97,3983.64
877,10/29/2005,NorthEast,Rhonda,Office Depot,RAR Item,1879.08,3239.79
878,10/25/2005,NorthEast,Luke,Peet's Coffee,ETO Item,2033.54,3506.11
879,10/24/2005,NorthEast,Luke,Home Depot,UHX Item,5543.0,9556.9
880,10/24/2005,NorthEast,Jeri,Solar and Wind Inc.,YFR Item,8350.13,8930.62
881,10/23/2005,NorthEast,Jon,The Economist,NLA Item,6467.96,6917.6
882,10/23/2005,NorthEast,Luke,Sherman Williams,RRI Item,1978.96,2248.82
883,10/22/2005,NorthEast,Chin,Nature Company,WLY Item,819.24,1204.76
884,10/20/2005,NorthEast,Luke,ExcelIsVeryFun.com,ZPB Item,1644.7,4445.14
885,10/19/2005,NorthEast,Jeri,ExcelIsVeryFun.com,ZLG Item,1097.83,2553.1
886,10/17/2005,NorthEast,Steven,ExcelIsVeryFun.com,ZAP Item,1850.84,5002.26
887,10/17/2005,NorthEast,Jon,Nature Company,NYN Item,2487.83,2660.78
888,10/16/2005,NorthEast,Rhonda,Sherman Williams,GHH Item,5137.52,7555.18
889,10/15/2005,NorthEast,Steven,Home Depot,IMG Item,1509.89,2745.26
890,10/13/2005,NorthEast,Jeri,The Economist,MVK Item,2735.9,7394.32
891,10/8/2005,NorthEast,Troung,Whole Foods,TYR Item,6220.44,6652.88
892,10/8/2005,NorthEast,Chin,Sherman Williams,NZZ Item,2840.89,4815.06
893,10/6/2005,NorthEast,Jeri,Yahoo,NPT Item,981.54,2652.81
894,10/5/2005,NorthEast,Sheliadawn,Costco,RGS Item,1365.32,1551.5
895,10/4/2005,NorthEast,Chin,ExcelIsVeryFun.com,VFX Item,5254.02,8905.12
896,10/3/2005,NorthEast,Troung,Sherman Williams,SVY Item,3840.12,4363.77
897,10/2/2005,NorthEast,Jeri,Solar and Wind Inc.,NXT Item,7832.08,8900.09
898,10/2/2005,NorthEast,Steven,Office Depot,XYR Item,1844.19,4984.31
899,9/30/2005,NorthEast,Jeri,Amazon.com,AIZ Item,627.94,923.44
900,9/29/2005,NorthEast,Sheliadawn,Amazon.com,HHN Item,6424.83,9448.28
901,9/28/2005,NorthEast,Troung,Sherman Williams,SGF Item,5666.44,9769.73
902,9/26/2005,NorthEast,Luke,The Economist,JTV Item,1731.35,2985.09
903,9/24/2005,NorthEast,Jeri,Amazon.com,AVV Item,2393.39,5318.64
904,9/23/2005,NorthEast,Jeri,Nature Company,NMO Item,2421.24,3560.65
905,9/23/2005,NorthEast,Steven,Amazon.com,GYH Item,2280.17,3353.19
906,9/20/2005,NorthEast,Chin,Google,THP Item,4646.18,8010.65
907,9/20/2005,NorthEast,Sheliadawn,ExcelIsVeryFun.com,DSF Item,2832.67,4801.14
908,9/18/2005,NorthEast,Luke,Google,LIP Item,3338.95,7419.89
909,9/17/2005,NorthEast,Troung,Office Depot,TUL Item,2918.63,6485.84
910,9/17/2005,NorthEast,Chin,McLendon's Hardware,TMF Item,1660.48,4487.79
911,9/15/2005,NorthEast,Rhonda,Google,LXR Item,4150.45,7034.66
912,9/15/2005,NorthEast,Luke,Nature Company,ZMF Item,3251.36,4335.15
913,9/13/2005,NorthEast,Steven,The Economist,QYU Item,4882.32,8417.79
914,9/13/2005,NorthEast,Sheliadawn,McLendon's Hardware,HUO Item,2306.57,6233.97
915,9/12/2005,NorthEast,Steven,McLendon's Hardware,XAX Item,974.26,2165.03
916,9/11/2005,NorthEast,Rhonda,Google,LLG Item,45.62,77.33
917,9/10/2005,NorthEast,Jon,The Economist,GIE Item,4252.94,7332.65
918,9/8/2005,NorthEast,Chin,Solar and Wind Inc.,PZG Item,4463.2,7564.74
919,9/6/2005,NorthEast,Jon,Peet's Coffee,MQK Item,1421.21,3305.15
920,9/5/2005,NorthEast,Troung,Home Depot,ALH Item,3209.38,5439.63
921,9/3/2005,NorthEast,Chin,Office Depot,SYU Item,986.93,2193.18
922,9/3/2005,NorthEast,Steven,The Economist,GOB Item,610.14,1355.86
923,9/2/2005,NorthEast,Luke,Yahoo,CNN Item,4357.25,5809.66
924,9/2/2005,NorthEast,Rhonda,Peet's Coffee,LPL Item,2929.33,5326.05
925,9/1/2005,NorthEast,Rhonda,Solar and Wind Inc.,ADY Item,2968.88,5118.76
926,9/1/2005,NorthEast,Luke,The Economist,SGX Item,1617.18,1837.71
927,8/30/2005,NorthEast,Jeri,Costco,QTZ Item,8815.92,9428.79
928,8/29/2005,NorthEast,Sheliadawn,Whole Foods,UXS Item,3739.07,8695.52
929,8/29/2005,NorthEast,Jon,Whole Foods,GUM Item,1420.63,2089.16
930,8/28/2005,NorthEast,Sheliadawn,Amazon.com,HUM Item,5503.8,8093.82
931,8/27/2005,NorthEast,Steven,The Economist,III Item,5843.45,6249.68
932,8/27/2005,NorthEast,Sheliadawn,Office Depot,JZR Item,3424.92,6227.12
933,8/24/2005,NorthEast,Rhonda,Yahoo,PCZ Item,4788.72,8116.47
934,8/23/2005,NorthEast,Troung,ExcelIsVeryFun.com,YTX Item,4906.63,8921.14
935,8/23/2005,NorthEast,Troung,McLendon's Hardware,RFT Item,3975.27,5300.36
936,8/23/2005,NorthEast,Steven,Nature Company,CLP Item,2798.04,4824.2
937,8/20/2005,NorthEast,Jeri,Solar and Wind Inc.,YNW Item,4020.29,6931.54
938,8/19/2005,NorthEast,Rhonda,Office Depot,XZI Item,4217.72,9808.64
939,8/19/2005,NorthEast,Troung,Nature Company,IQG Item,7772.23,8312.55
940,8/18/2005,NorthEast,Sheliadawn,Office Depot,QOF Item,5147.44,8874.89
941,8/18/2005,NorthEast,Jeri,McLendon's Hardware,POX Item,4025.11,4573.99
942,8/18/2005,NorthEast,Jeri,Amazon.com,BII Item,3170.6,4227.46
943,8/16/2005,NorthEast,Chin,The Economist,MKI Item,4670.83,6868.87
944,8/16/2005,NorthEast,Jeri,Amazon.com,PTJ Item,1384.2,2516.72
945,8/15/2005,NorthEast,Steven,Google,QUZ Item,3745.99,8711.61
946,8/12/2005,NorthEast,Luke,Home Depot,BYU Item,6141.74,6979.25
947,8/10/2005,NorthEast,Jon,Costco,UZP Item,526.08,891.66
948,8/10/2005,NorthEast,Jon,Google,RBW Item,346.72,509.88
949,8/8/2005,NorthEast,Sheliadawn,Yahoo,SCW Item,2237.46,3792.31
950,8/6/2005,NorthEast,Steven,Office Depot,ITY Item,4509.16,6631.12
951,8/6/2005,NorthEast,Jon,Nature Company,EZU Item,607.65,1047.67
952,8/6/2005,NorthEast,Steven,Peet's Coffee,CJN Item,540.81,932.43
953,8/4/2005,NorthEast,Steven,Whole Foods,BAN Item,2881.43,6700.99
954,8/1/2005,NorthEast,Sheliadawn,McLendon's Hardware,QNF Item,7010.27,9347.03
955,7/30/2005,NorthEast,Chin,Yahoo,IEX Item,1054.81,1787.81
956,7/29/2005,NorthEast,Sheliadawn,Home Depot,SYW Item,3218.33,5851.5
957,7/29/2005,NorthEast,Steven,McLendon's Hardware,JUB Item,2259.48,3895.65
958,7/28/2005,NorthEast,Luke,ExcelIsVeryFun.com,QJC Item,7014.89,9353.18
959,7/28/2005,NorthEast,Steven,Nature Company,NUV Item,3967.77,5290.36
960,7/27/2005,NorthEast,Troung,Whole Foods,UIT Item,2690.7,7272.17
961,7/26/2005,NorthEast,Rhonda,McLendon's Hardware,IZV Item,6050.41,8897.66
962,7/26/2005,NorthEast,Chin,Google,ADC Item,3562.2,6476.72
963,7/25/2005,NorthEast,Jeri,Nature Company,KRU Item,1394.72,3243.54
964,7/25/2005,NorthEast,Chin,Whole Foods,UTR Item,1872.41,2127.74
965,7/23/2005,NorthEast,Chin,Whole Foods,OQC Item,3913.1,8695.77
966,7/21/2005,NorthEast,Sheliadawn,McLendon's Hardware,QHO Item,1641.61,1865.47
967,7/19/2005,NorthEast,Jeri,Amazon.com,BTR Item,5064.12,7447.23
968,7/18/2005,NorthEast,Chin,Home Depot,WSG Item,3885.48,7064.5
969,7/17/2005,NorthEast,Jon,Amazon.com,WRA Item,4164.34,5552.45
970,7/17/2005,NorthEast,Jon,Office Depot,BRS Item,1869.81,5053.54
971,7/17/2005,NorthEast,Jeri,Amazon.com,AHZ Item,245.78,327.71
972,7/16/2005,NorthEast,Rhonda,Amazon.com,RLQ Item,6263.62,8351.49
973,7/15/2005,NorthEast,Luke,ExcelIsVeryFun.com,XDL Item,989.75,1677.55
974,7/14/2005,NorthEast,Troung,Whole Foods,GQT Item,7702.47,8237.94
975,7/12/2005,NorthEast,Jon,Costco,ATV Item,2880.9,3273.75
976,7/11/2005,NorthEast,Sheliadawn,Costco,QXS Item,5096.54,8638.2
977,7/11/2005,NorthEast,Steven,Costco,JNF Item,4211.18,7260.66
978,7/8/2005,NorthEast,Troung,Solar and Wind Inc.,NCT Item,365.06,663.74
979,7/7/2005,NorthEast,Rhonda,Whole Foods,PTX Item,1964.04,5308.21
980,7/6/2005,NorthEast,Jon,Solar and Wind Inc.,OWD Item,8.94,15.15
981,7/4/2005,NorthEast,Jon,Whole Foods,VJY Item,6603.42,8804.56
982,7/4/2005,NorthEast,Luke,Solar and Wind Inc.,ULJ Item,3442.43,5834.62
983,7/2/2005,NorthEast,Troung,Nature Company,PMU Item,2249.06,2555.75
984,7/1/2005,NorthEast,Troung,Office Depot,CMU Item,5412.79,7959.98
985,7/1/2005,NorthEast,Sheliadawn,Peet's Coffee,TOE Item,2807.01,6237.8
986,6/28/2005,NorthEast,Rhonda,Whole Foods,UDS Item,3354.58,3812.02
987,6/28/2005,NorthEast,Chin,Sherman Williams,WTP Item,351.82,950.86
988,6/26/2005,NorthEast,Steven,Sherman Williams,NGB Item,6849.32,7783.32
989,6/26/2005,NorthEast,Jeri,ExcelIsVeryFun.com,NCN Item,1522.32,3382.93
990,6/25/2005,NorthEast,Sheliadawn,Office Depot,YVZ Item,3282.32,7294.05
991,6/24/2005,NorthEast,Jeri,Yahoo,HVH Item,1264.48,2143.19
992,6/23/2005,NorthEast,Rhonda,McLendon's Hardware,EJG Item,4777.33,7025.49
993,6/22/2005,NorthEast,Luke,The Economist,DIV Item,656.58,1526.92
994,6/21/2005,NorthEast,Steven,Whole Foods,LXW Item,1874.01,2755.9
995,6/19/2005,NorthEast,Luke,Google,BTK Item,4611.68,8384.87
996,6/19/2005,NorthEast,Sheliadawn,Sherman Williams,SBX Item,3281.54,3729.02
997,6/19/2005,NorthEast,Steven,Google,HZK Item,1255.99,2920.91
998,6/18/2005,NorthEast,Rhonda,The Economist,NMK Item,2042.11,3712.93
999,6/18/2005,NorthEast,Rhonda,Whole Foods,DMA Item,1911.54,2811.09
1000,6/16/2005,NorthEast,Troung,Office Depot,IKV Item,4949.54,6599.38
1001,6/14/2005,NorthEast,Jon,McLendon's Hardware,GFC Item,4333.65,7879.37
1002,6/13/2005,NorthEast,Sheliadawn,Peet's Coffee,QGM Item,5643.75,9565.67
1003,6/11/2005,NorthEast,Jeri,Yahoo,VTW Item,2204.46,4898.81
1004,6/10/2005,NorthEast,Rhonda,Costco,IWN Item,5331.83,5702.49
1005,6/10/2005,NorthEast,Chin,Sherman Williams,ZKE Item,1619.62,2159.49
1006,6/9/2005,NorthEast,Jeri,Office Depot,YFZ Item,1201.18,3246.44
1007,6/8/2005,NorthEast,Jon,Whole Foods,BSI Item,2426.35,5391.88
1008,6/8/2005,NorthEast,Jon,Whole Foods,BNY Item,1030.26,1873.2
1009,6/7/2005,NorthEast,Chin,Peet's Coffee,EED Item,5256.06,9556.48
1010,6/7/2005,NorthEast,Luke,Office Depot,BJH Item,3387.08,7526.85
1011,6/4/2005,NorthEast,Chin,Sherman Williams,JZZ Item,7251.87,8240.76
1012,6/2/2005,NorthEast,Sheliadawn,Solar and Wind Inc.,MVG Item,6662.52,9797.83
1013,6/2/2005,NorthEast,Chin,The Economist,FAJ Item,6767.95,9023.93
1014,5/29/2005,NorthEast,Troung,Whole Foods,FII Item,2669.89,4854.34
1015,5/27/2005,NorthEast,Steven,Home Depot,EBJ Item,3352.41,9060.58
1016,5/25/2005,NorthEast,Jon,Google,IXD Item,4315.6,7846.55
1017,5/25/2005,NorthEast,Rhonda,Peet's Coffee,KBP Item,1310.37,2259.26
1018,5/24/2005,NorthEast,Rhonda,Peet's Coffee,YXD Item,3591.28,5281.29
1019,5/21/2005,NorthEast,Jon,Office Depot,UBV Item,1886.9,5099.74
1020,5/21/2005,NorthEast,Jeri,Costco,AAK Item,2149.36,4998.52
1021,5/20/2005,NorthEast,Steven,McLendon's Hardware,VGY Item,3633.72,8450.52
1022,5/19/2005,NorthEast,Jeri,Peet's Coffee,QLL Item,1319.85,2399.72
1023,5/19/2005,NorthEast,Jon,Google,POE Item,589.89,1310.86
1024,5/18/2005,NorthEast,Troung,Office Depot,PAY Item,3795.61,6433.23
1025,5/16/2005,NorthEast,Chin,Google,PQY Item,2887.72,4978.83
1026,5/15/2005,NorthEast,Chin,Sherman Williams,WJE Item,2720.76,2909.9
1027,5/13/2005,NorthEast,Steven,Peet's Coffee,BTJ Item,4431.12,7639.86
1028,5/12/2005,NorthEast,Steven,Solar and Wind Inc.,FPU Item,4937.53,7261.08
1029,5/12/2005,NorthEast,Troung,Costco,XNK Item,366.03,391.48
1030,5/11/2005,NorthEast,Steven,Sherman Williams,RVY Item,6236.36,7086.77
1031,5/9/2005,NorthEast,Jeri,McLendon's Hardware,ZAP Item,2723.95,4696.46
1032,5/9/2005,NorthEast,Jon,Google,TOB Item,1858.34,4321.73
1033,5/9/2005,NorthEast,Jon,ExcelIsVeryFun.com,DBA Item,810.83,1192.39
1034,5/8/2005,NorthEast,Jon,Home Depot,UHI Item,4109.13,9556.12
1035,5/6/2005,NorthEast,Luke,Whole Foods,SVF Item,3437.81,3676.8
1036,5/4/2005,NorthEast,Luke,Office Depot,RUJ Item,2880.66,7785.56
1037,5/4/2005,NorthEast,Jeri,Solar and Wind Inc.,LII Item,2339.48,2658.5
1038,5/4/2005,NorthEast,Jeri,Nature Company,WVD Item,1018.35,1851.54
1039,5/4/2005,NorthEast,Troung,Yahoo,NLI Item,424.68,772.15
1040,5/3/2005,NorthEast,Steven,Google,XFG Item,1675.51,3046.38
1041,5/3/2005,NorthEast,Sheliadawn,Solar and Wind Inc.,IIH Item,531.59,781.75
1042,5/2/2005,NorthEast,Rhonda,Home Depot,EAR Item,4384.42,9743.15
1043,4/30/2005,NorthEast,Luke,Solar and Wind Inc.,HJD Item,5032.56,5382.42
1044,4/29/2005,NorthEast,Luke,Solar and Wind Inc.,SYA Item,2646.46,6154.56
1045,4/29/2005,NorthEast,Chin,Home Depot,GKA Item,2259.79,3830.15
1046,4/28/2005,NorthEast,Sheliadawn,Office Depot,QKB Item,3493.05,8123.38
1047,4/26/2005,NorthEast,Chin,Solar and Wind Inc.,EVO Item,1101.85,1469.13
1048,4/25/2005,NorthEast,Troung,Peet's Coffee,QVT Item,3392.06,6167.39
1049,4/25/2005,NorthEast,Rhonda,Home Depot,UHI Item,2700.31,3971.04
1050,4/23/2005,NorthEast,Rhonda,Home Depot,ZQR Item,3671.85,9923.93
1051,4/23/2005,NorthEast,Luke,Amazon.com,XQQ Item,406.71,739.47
1052,4/22/2005,NorthEast,Steven,Solar and Wind Inc.,WYF Item,3210.66,7466.65
1053,4/22/2005,NorthEast,Sheliadawn,Peet's Coffee,XRC Item,275.7,405.44
1054,4/20/2005,NorthEast,Luke,ExcelIsVeryFun.com,HAK Item,640.66,1085.87
1055,4/19/2005,NorthEast,Jon,Peet's Coffee,CLP Item,231.83,399.7
1056,4/17/2005,NorthEast,Jeri,Google,WBL Item,4714.63,7990.9
1057,4/15/2005,NorthEast,Troung,Nature Company,YCM Item,2393.19,2719.53
1058,4/14/2005,NorthEast,Luke,Nature Company,OBJ Item,7994.14,8549.88
1059,4/12/2005,NorthEast,Jon,Home Depot,MQP Item,4296.41,7407.61
1060,4/12/2005,NorthEast,Jeri,Whole Foods,KLB Item,2522.29,5865.79
1061,4/8/2005,NorthEast,Jon,McLendon's Hardware,UTU Item,311.57,415.43
1062,4/6/2005,NorthEast,Rhonda,McLendon's Hardware,RUD Item,7375.16,7887.87
1063,4/5/2005,NorthEast,Chin,Nature Company,HLL Item,4007.99,4554.53
1064,4/5/2005,NorthEast,Steven,Peet's Coffee,OLS Item,789.07,896.67
1065,4/3/2005,NorthEast,Rhonda,Whole Foods,OWA Item,7959.19,9044.53
1066,4/3/2005,NorthEast,Sheliadawn,Amazon.com,AIZ Item,219.08,322.18
1067,4/2/2005,NorthEast,Chin,McLendon's Hardware,AHZ Item,3064.09,8281.32
1068,3/31/2005,NorthEast,Troung,Amazon.com,VUJ Item,1762.24,4098.23
1069,3/28/2005,NorthEast,Luke,Amazon.com,OAA Item,2294.36,2453.86
1070,3/27/2005,NorthEast,Luke,ExcelIsVeryFun.com,LVK Item,4901.71,8307.98
1071,3/26/2005,NorthEast,Chin,Nature Company,GRX Item,6043.74,8058.32
1072,3/26/2005,NorthEast,Jeri,The Economist,JLN Item,1857.31,3202.25
1073,3/25/2005,NorthEast,Sheliadawn,Solar and Wind Inc.,WAS Item,3382.69,4974.55
1074,3/23/2005,NorthEast,Jeri,Costco,OZO Item,7978.4,8533.05
1075,3/23/2005,NorthEast,Steven,ExcelIsVeryFun.com,BBM Item,522.45,558.77
1076,3/22/2005,NorthEast,Rhonda,Office Depot,OOC Item,4231.23,7295.22
1077,3/22/2005,NorthEast,Rhonda,Whole Foods,ZUU Item,1371.71,2324.93
1078,3/21/2005,NorthEast,Sheliadawn,McLendon's Hardware,IYR Item,4189.14,9742.19
1079,3/21/2005,NorthEast,Luke,McLendon's Hardware,BFH Item,260.96,579.92
1080,3/19/2005,NorthEast,Rhonda,Google,ELH Item,1911.28,2548.37
1081,3/18/2005,NorthEast,Jon,Google,AAY Item,6938.77,7421.14
1082,3/18/2005,NorthEast,Rhonda,Peet's Coffee,WOU Item,2600.96,2781.78
1083,3/17/2005,NorthEast,Chin,Costco,YWP Item,558.25,1298.25
1084,3/16/2005,NorthEast,Sheliadawn,The Economist,RYS Item,4446.21,4755.3
1085,3/15/2005,NorthEast,Troung,ExcelIsVeryFun.com,ARY Item,3489.72,9431.67
1086,3/15/2005,NorthEast,Luke,ExcelIsVeryFun.com,KMV Item,5708.71,8395.16
1087,3/15/2005,NorthEast,Chin,Amazon.com,KEI Item,3491.87,8120.63
1088,3/14/2005,NorthEast,Steven,Nature Company,AHM Item,5525.39,9526.53
1089,3/14/2005,NorthEast,Chin,McLendon's Hardware,DJY Item,3411.82,3649.0
1090,3/11/2005,NorthEast,Rhonda,ExcelIsVeryFun.com,OTS Item,6724.15,7641.08
1091,3/11/2005,NorthEast,Troung,Amazon.com,CNH Item,4467.84,6570.35
1092,3/6/2005,NorthEast,Rhonda,Whole Foods,ENM Item,2567.09,5704.65
1093,3/1/2005,NorthEast,Chin,Home Depot,AUW Item,2741.96,6093.24
1094,3/1/2005,NorthEast,Jon,Google,DNC Item,2122.84,4936.84
1095,3/1/2005,NorthEast,Steven,Nature Company,KHQ Item,1679.89,4540.25
1096,2/27/2005,NorthEast,Troung,Costco,ASI Item,5257.49,5974.42
1097,2/27/2005,NorthEast,Luke,Office Depot,YLV Item,582.68,1355.08
1098,2/25/2005,NorthEast,Chin,Sherman Williams,UJX Item,4688.19,8083.09
1099,2/25/2005,NorthEast,Rhonda,Home Depot,FLZ Item,1515.24,4095.25
1100,2/25/2005,NorthEast,Sheliadawn,Office Depot,JNE Item,2947.35,3152.25
1101,2/24/2005,NorthEast,Troung,Whole Foods,QIX Item,1958.97,3377.53
1102,2/23/2005,NorthEast,Troung,The Economist,NUQ Item,5808.62,8542.09
1103,2/19/2005,NorthEast,Chin,Peet's Coffee,TRK Item,3523.01,9521.65
1104,2/18/2005,NorthEast,Jon,Solar and Wind Inc.,UCC Item,2549.88,5666.41
1105,2/17/2005,NorthEast,Jon,Solar and Wind Inc.,LVN Item,2045.51,3466.97
1106,2/17/2005,NorthEast,Jeri,Solar and Wind Inc.,JLY Item,729.14,1695.67
1107,2/16/2005,NorthEast,Sheliadawn,Sherman Williams,JZO Item,6575.61,8767.48
1108,2/16/2005,NorthEast,Troung,Home Depot,BSV Item,5085.13,8618.86
1109,2/16/2005,NorthEast,Chin,Solar and Wind Inc.,YHW Item,2235.23,2540.03
1110,2/15/2005,NorthEast,Chin,ExcelIsVeryFun.com,BAR Item,5537.94,9386.34
1111,2/10/2005,NorthEast,Sheliadawn,Costco,ISU Item,2590.35,2943.58
1112,2/8/2005,NorthEast,Rhonda,ExcelIsVeryFun.com,IGI Item,6764.53,7234.79
1113,2/8/2005,NorthEast,Steven,Costco,IWJ Item,2180.04,2477.32
1114,2/4/2005,NorthEast,Rhonda,Home Depot,GBI Item,2044.8,3007.06
1115,2/1/2005,NorthEast,Steven,The Economist,WPY Item,5841.01,8589.72
1116,1/31/2005,NorthEast,Rhonda,Nature Company,WPR Item,3331.05,4898.6
1117,1/30/2005,NorthEast,Rhonda,Nature Company,DBT Item,5989.48,6806.23
1118,1/29/2005,NorthEast,Troung,McLendon's Hardware,LJN Item,5831.52,9883.93
1119,1/28/2005,NorthEast,Steven,Solar and Wind Inc.,SMX Item,4035.88,6958.42
1120,1/27/2005,NorthEast,Luke,Nature Company,LTK Item,4695.75,6905.51
1121,1/27/2005,NorthEast,Jon,McLendon's Hardware,IUJ Item,4856.3,5193.9
1122,1/24/2005,NorthEast,Troung,Office Depot,FZY Item,331.15,895.01
1123,1/23/2005,NorthEast,Troung,Google,SHF Item,1700.54,1932.43
1124,1/22/2005,NorthEast,Jeri,The Economist,ZXI Item,2033.15,4728.26
1125,1/21/2005,NorthEast,Rhonda,Office Depot,NSA Item,1476.29,3989.97
1126,1/18/2005,NorthEast,Luke,Amazon.com,TQL Item,3657.28,9884.55
1127,1/18/2005,NorthEast,Troung,McLendon's Hardware,ZDE Item,404.3,539.07
1128,1/14/2005,NorthEast,Chin,Peet's Coffee,XNY Item,2876.21,6688.86
1129,1/14/2005,NorthEast,Luke,Amazon.com,TYX Item,2206.51,5963.54
1130,1/14/2005,NorthEast,Troung,The Economist,LQV Item,3241.42,3466.76
1131,1/13/2005,NorthEast,Chin,Sherman Williams,ACE Item,2235.21,2980.28
1132,1/12/2005,NorthEast,Sheliadawn,Yahoo,ONK Item,2647.84,5884.09
1133,1/11/2005,NorthEast,Chin,The Economist,XHT Item,6171.5,8228.66
1134,1/11/2005,NorthEast,Sheliadawn,Nature Company,PBH Item,5217.19,5928.62
1135,1/10/2005,NorthEast,Sheliadawn,Google,HEU Item,4120.44,6983.79
1136,1/7/2005,NorthEast,Troung,Yahoo,ZBJ Item,2851.18,6335.95
1137,1/6/2005,NorthEast,Rhonda,Peet's Coffee,CIU Item,3370.99,6129.08
1138,1/5/2005,NorthEast,Troung,Costco,THD Item,568.01,1320.96
1139,1/5/2005,NorthEast,Rhonda,Home Depot,QIF Item,219.01,322.07
1140,1/4/2005,NorthEast,Luke,Amazon.com,MQU Item,3692.12,8586.32
1141,1/2/2005,NorthEast,Luke,Google,TRD Item,1373.68,2020.12
1142,12/31/2004,NorthEast,Steven,Yahoo,WPE Item,5394.15,9300.25
1143,12/30/2004,NorthEast,Jeri,ExcelIsVeryFun.com,DBH Item,4139.76,7526.83
1144,12/30/2004,NorthEast,Jon,McLendon's Hardware,ACP Item,2150.97,5002.25
1145,12/30/2004,NorthEast,Sheliadawn,Sherman Williams,PVA Item,1309.4,1745.87
1146,12/29/2004,NorthEast,Sheliadawn,Google,FYV Item,4204.5,9777.9
1147,12/29/2004,NorthEast,Steven,Amazon.com,FVR Item,3325.68,7390.39
1148,12/28/2004,NorthEast,Chin,Yahoo,JXK Item,3621.75,9788.51
1149,12/27/2004,NorthEast,Sheliadawn,Home Depot,XYL Item,4638.92,6821.94
1150,12/25/2004,NorthEast,Jeri,The Economist,WLY Item,2281.63,6166.57
1151,12/25/2004,NorthEast,Steven,Yahoo,IJX Item,2636.73,5859.41
1152,12/24/2004,NorthEast,Chin,The Economist,BFQ Item,435.4,1012.56
1153,12/24/2004,NorthEast,Jon,Sherman Williams,DES Item,322.38,555.82
1154,12/23/2004,NorthEast,Steven,Yahoo,LGZ Item,4064.72,7390.4
1155,12/22/2004,NorthEast,Chin,McLendon's Hardware,QKI Item,3654.44,4152.77
1156,12/21/2004,NorthEast,Sheliadawn,Solar and Wind Inc.,HQD Item,1246.31,2266.01
1157,12/19/2004,NorthEast,Steven,McLendon's Hardware,NNT Item,5867.66,9945.18
1158,12/19/2004,NorthEast,Rhonda,Sherman Williams,MCE Item,3906.02,8680.05
1159,12/19/2004,NorthEast,Jon,Home Depot,QZJ Item,766.9,1322.24
1160,12/18/2004,NorthEast,Jon,Home Depot,XQE Item,2692.71,7277.59
1161,12/18/2004,NorthEast,Jeri,Google,NBZ Item,1826.62,3149.34
1162,12/17/2004,NorthEast,Jeri,Yahoo,ICX Item,4085.49,9078.87
1163,12/16/2004,NorthEast,Chin,Solar and Wind Inc.,KST Item,1232.27,1643.02
1164,12/15/2004,NorthEast,Sheliadawn,The Economist,CNK Item,1838.23,4274.96
1165,12/14/2004,NorthEast,Jeri,Peet's Coffee,FXF Item,6245.37,9184.37
1166,12/14/2004,NorthEast,Jeri,Office Depot,HOQ Item,5300.66,5669.16
1167,12/13/2004,NorthEast,Jeri,The Economist,YDO Item,3371.73,6130.41
1168,12/11/2004,NorthEast,Rhonda,Whole Foods,NEU Item,4424.62,4732.21
1169,12/9/2004,NorthEast,Steven,McLendon's Hardware,BDM Item,1918.2,3251.18
1170,12/7/2004,NorthEast,Sheliadawn,Sherman Williams,JGF Item,2845.9,4823.56
1171,12/7/2004,NorthEast,Chin,McLendon's Hardware,GIH Item,4485.44,4797.26
1172,12/6/2004,NorthEast,Rhonda,Costco,ZBH Item,31.75,46.69
1173,12/5/2004,NorthEast,Rhonda,ExcelIsVeryFun.com,VMX Item,2498.99,3331.98
1174,11/30/2004,NorthEast,Sheliadawn,Yahoo,UMJ Item,6499.44,6951.27
1175,11/29/2004,NorthEast,Steven,Home Depot,SIW Item,2962.62,5107.96
1176,11/27/2004,NorthEast,Chin,Sherman Williams,ODY Item,4085.26,4369.26
1177,11/26/2004,NorthEast,Sheliadawn,Office Depot,PAR Item,3950.35,4489.03
1178,11/25/2004,NorthEast,Jeri,Peet's Coffee,MIP Item,3066.81,8288.67
1179,11/24/2004,NorthEast,Steven,Amazon.com,YJF Item,3068.4,5290.34
1180,11/24/2004,NorthEast,Steven,Peet's Coffee,HVN Item,2266.07,4120.13
1181,11/24/2004,NorthEast,Troung,Nature Company,HYT Item,2308.66,3980.45
1182,11/22/2004,NorthEast,Rhonda,The Economist,FFT Item,7012.77,7500.29
1183,11/21/2004,NorthEast,Sheliadawn,Whole Foods,OXF Item,2500.83,6759.0
1184,11/21/2004,NorthEast,Jeri,Nature Company,PVQ Item,3386.79,6157.8
1185,11/19/2004,NorthEast,Luke,Solar and Wind Inc.,ONA Item,1795.57,4852.9
1186,11/14/2004,NorthEast,Steven,Whole Foods,TZJ Item,28.54,48.37
1187,11/12/2004,NorthEast,Jeri,Amazon.com,TWG Item,6395.68,8527.57
1188,11/10/2004,NorthEast,Rhonda,Solar and Wind Inc.,QVV Item,335.88,781.12
1189,11/7/2004,NorthEast,Chin,Yahoo,PUJ Item,3407.48,6195.41
1190,11/6/2004,NorthEast,Luke,Nature Company,BCD Item,563.56,1024.66
1191,11/4/2004,NorthEast,Chin,Costco,ZRS Item,8100.62,9205.25
1192,11/3/2004,NorthEast,Troung,Google,WVO Item,1971.55,2628.73
1193,11/3/2004,NorthEast,Jeri,Yahoo,LUR Item,462.1,679.56
1194,11/1/2004,NorthEast,Jeri,Amazon.com,EAJ Item,3679.82,9945.47
1195,11/1/2004,NorthEast,Sheliadawn,Home Depot,XIA Item,1283.51,1372.74
1196,10/31/2004,NorthEast,Steven,Whole Foods,ZCL Item,4549.04,7710.23
1197,10/31/2004,NorthEast,Rhonda,Amazon.com,YZE Item,3592.01,6530.92
1198,10/31/2004,NorthEast,Jeri,Whole Foods,YYC Item,3871.1,5161.46
1199,10/30/2004,NorthEast,Chin,Sherman Williams,OJK Item,4481.14,9958.09
1200,10/30/2004,NorthEast,Rhonda,Solar and Wind Inc.,MXH Item,5628.18,9539.28
1201,10/30/2004,NorthEast,Jeri,Office Depot,GRM Item,1438.47,1634.63
1202,10/28/2004,NorthEast,Chin,Peet's Coffee,YOD Item,1701.03,1819.28
1203,10/26/2004,NorthEast,Rhonda,ExcelIsVeryFun.com,ZAH Item,5841.59,6638.17
1204,10/26/2004,NorthEast,Rhonda,The Economist,LHW Item,2137.29,3622.53
1205,10/24/2004,NorthEast,Sheliadawn,Sherman Williams,HMW Item,5011.17,7369.37
1206,10/24/2004,NorthEast,Chin,Google,RPV Item,1515.56,2613.03
1207,10/23/2004,NorthEast,Sheliadawn,ExcelIsVeryFun.com,SZD Item,1719.22,2528.26
1208,10/23/2004,NorthEast,Steven,Whole Foods,GHZ Item,564.32,1026.04
1209,10/20/2004,NorthEast,Troung,Office Depot,VLP Item,6882.57,7821.1
1210,10/20/2004,NorthEast,Chin,Costco,GPC Item,3183.98,7404.6
1211,10/19/2004,NorthEast,Troung,ExcelIsVeryFun.com,ECV Item,3251.11,5911.1
1212,10/17/2004,NorthEast,Rhonda,Google,ZCV Item,3852.91,4120.76
1213,10/16/2004,NorthEast,Luke,Home Depot,OBL Item,3394.8,7544.01
1214,10/15/2004,NorthEast,Chin,Amazon.com,YPH Item,2648.96,3531.95
1215,10/15/2004,NorthEast,Jon,Google,WCE Item,353.83,599.72
1216,10/14/2004,NorthEast,Troung,Nature Company,TIN Item,4442.57,5048.38
1217,10/13/2004,NorthEast,Sheliadawn,Sherman Williams,GJP Item,1801.06,2648.62
1218,10/12/2004,NorthEast,Chin,Amazon.com,FWK Item,7133.75,9511.66
1219,10/11/2004,NorthEast,Sheliadawn,Amazon.com,LSP Item,1496.81,3326.25
1220,10/10/2004,NorthEast,Luke,Whole Foods,NCR Item,6162.92,8217.22
1221,10/9/2004,NorthEast,Steven,Yahoo,DKM Item,5385.81,7181.08
1222,10/9/2004,NorthEast,Steven,Peet's Coffee,GPJ Item,1935.61,3519.29
1223,10/9/2004,NorthEast,Steven,Google,NVR Item,1742.93,2323.9
1224,10/7/2004,NorthEast,Sheliadawn,Solar and Wind Inc.,SNB Item,5417.68,9340.83
1225,10/7/2004,NorthEast,Rhonda,Home Depot,NSZ Item,3454.68,9336.97
1226,10/7/2004,NorthEast,Troung,Yahoo,XLN Item,1155.08,3121.84
1227,10/6/2004,NorthEast,Rhonda,Peet's Coffee,LVG Item,3671.58,6330.31
1228,10/5/2004,NorthEast,Chin,Home Depot,PFM Item,851.53,1135.37
1229,10/4/2004,NorthEast,Rhonda,Sherman Williams,WWU Item,3946.73,5262.3
1230,10/3/2004,NorthEast,Sheliadawn,Peet's Coffee,NRZ Item,387.57,656.9
1231,9/29/2004,NorthEast,Steven,Peet's Coffee,NMF Item,4854.4,8369.66
1232,9/29/2004,NorthEast,Jon,Amazon.com,SBM Item,2626.73,3862.84
1233,9/28/2004,NorthEast,Rhonda,Costco,AJA Item,1582.75,2327.57
1234,9/24/2004,NorthEast,Rhonda,Solar and Wind Inc.,DEJ Item,756.89,860.1
1235,9/23/2004,NorthEast,Sheliadawn,Costco,PEB Item,4089.39,9510.2
1236,9/23/2004,NorthEast,Jeri,Yahoo,JKT Item,1559.5,3626.74
1237,9/21/2004,NorthEast,Troung,McLendon's Hardware,MBX Item,2177.01,5883.8
1238,9/20/2004,NorthEast,Luke,Sherman Williams,DWZ Item,6055.18,6880.89
1239,9/20/2004,NorthEast,Sheliadawn,Yahoo,FZD Item,2081.29,2775.05
1240,9/19/2004,NorthEast,Sheliadawn,Google,FIL Item,2145.61,2438.19
1241,9/18/2004,NorthEast,Jeri,The Economist,IUY Item,50.73,74.6
1242,9/17/2004,NorthEast,Jeri,Solar and Wind Inc.,GTR Item,2852.17,5185.76
1243,9/16/2004,NorthEast,Troung,Yahoo,SZX Item,2182.2,2333.9
1244,9/15/2004,NorthEast,Jon,ExcelIsVeryFun.com,TNX Item,2600.49,7028.34
1245,9/14/2004,NorthEast,Sheliadawn,Office Depot,GOZ Item,3229.12,3453.6
1246,9/12/2004,NorthEast,Steven,ExcelIsVeryFun.com,IYF Item,1467.44,1569.45
1247,9/10/2004,NorthEast,Steven,Peet's Coffee,NLH Item,6481.88,8642.5
1248,9/10/2004,NorthEast,Sheliadawn,Peet's Coffee,KLA Item,2996.14,3994.85
1249,9/10/2004,NorthEast,Rhonda,Solar and Wind Inc.,ALR Item,1017.93,1088.69
1250,9/9/2004,NorthEast,Jon,Sherman Williams,LUR Item,9317.97,9965.74
1251,9/8/2004,NorthEast,Troung,ExcelIsVeryFun.com,PHH Item,1907.56,4436.18
1252,9/8/2004,NorthEast,Rhonda,Yahoo,RMU Item,422.72,768.59
1253,9/7/2004,NorthEast,Jon,Home Depot,MDN Item,1465.88,3257.5
1254,9/7/2004,NorthEast,Steven,Nature Company,GYK Item,1864.67,2742.16
1255,9/6/2004,NorthEast,Chin,Google,XGP Item,4774.72,8681.31
1256,9/6/2004,NorthEast,Jon,Amazon.com,JHF Item,1823.28,3090.3
1257,9/5/2004,NorthEast,Steven,Amazon.com,OXX Item,3313.27,6024.13
1258,9/4/2004,NorthEast,Sheliadawn,Google,MLA Item,5842.08,6638.73
1259,9/2/2004,NorthEast,Steven,Amazon.com,YLF Item,3719.64,4226.86
1260,9/1/2004,NorthEast,Troung,Home Depot,JJX Item,5018.37,7379.96
1261,9/1/2004,NorthEast,Rhonda,Office Depot,NOD Item,425.44,455.02
1262,8/30/2004,NorthEast,Chin,Sherman Williams,GBM Item,3131.61,7282.82
1263,8/30/2004,NorthEast,Troung,Yahoo,CHZ Item,3366.82,6121.49
1264,8/29/2004,NorthEast,Steven,McLendon's Hardware,VDD Item,3729.2,4972.27
1265,8/28/2004,NorthEast,Steven,Sherman Williams,ZKF Item,3543.25,9576.36
1266,8/28/2004,NorthEast,Luke,Solar and Wind Inc.,JZM Item,7898.92,8976.04
1267,8/27/2004,NorthEast,Chin,The Economist,VBF Item,1441.14,2442.61
1268,8/26/2004,NorthEast,Jeri,Solar and Wind Inc.,BWQ Item,3879.26,4148.94
1269,8/22/2004,NorthEast,Troung,Office Depot,KVH Item,3539.22,9565.45
1270,8/20/2004,NorthEast,Sheliadawn,Costco,KLP Item,2734.87,4635.38
1271,8/18/2004,NorthEast,Steven,Whole Foods,VYM Item,2420.96,6543.14
1272,8/18/2004,NorthEast,Rhonda,Costco,VCN Item,2991.77,3989.02
1273,8/17/2004,NorthEast,Jon,Yahoo,CTU Item,3740.28,4987.04
1274,8/17/2004,NorthEast,Troung,ExcelIsVeryFun.com,FWM Item,301.34,401.78
1275,8/16/2004,NorthEast,Steven,Google,NNF Item,4345.56,5794.08
1276,8/16/2004,NorthEast,Jeri,Peet's Coffee,DOR Item,5014.36,5698.14
1277,8/13/2004,NorthEast,Troung,Yahoo,WYM Item,2791.89,7545.64
1278,8/13/2004,NorthEast,Jeri,The Economist,UDT Item,425.3,733.28
1279,8/11/2004,NorthEast,Steven,Office Depot,VJU Item,4044.87,7354.31
1280,8/11/2004,NorthEast,Sheliadawn,ExcelIsVeryFun.com,LMR Item,326.78,883.18
1281,8/10/2004,NorthEast,Jeri,Home Depot,YQI Item,5710.99,9846.53
1282,8/10/2004,NorthEast,Sheliadawn,Peet's Coffee,WWQ Item,169.15,307.55
1283,8/5/2004,NorthEast,Sheliadawn,The Economist,STZ Item,3793.53,8822.16
1284,8/4/2004,NorthEast,Steven,Nature Company,HQT Item,839.19,1864.86
1285,8/3/2004,NorthEast,Sheliadawn,Solar and Wind Inc.,MMS Item,8930.01,9550.81
1286,8/1/2004,NorthEast,Luke,Yahoo,MOQ Item,4595.21,8354.92
1287,8/1/2004,NorthEast,Sheliadawn,ExcelIsVeryFun.com,JFF Item,3565.93,8292.86
1288,8/1/2004,NorthEast,Luke,ExcelIsVeryFun.com,FQM Item,5948.06,7930.74
1289,8/1/2004,NorthEast,Jon,Google,EHC Item,534.58,906.06
1290,7/31/2004,NorthEast,Jon,Home Depot,GFM Item,6526.04,7415.96
1291,7/31/2004,NorthEast,Troung,Sherman Williams,TPW Item,2830.67,4797.75
1292,7/31/2004,NorthEast,Steven,Nature Company,MIR Item,962.92,1750.77
1293,7/29/2004,NorthEast,Sheliadawn,Nature Company,DQA Item,3961.17,6713.84
1294,7/28/2004,NorthEast,Jon,Solar and Wind Inc.,OPA Item,4020.66,8934.8
1295,7/27/2004,NorthEast,Troung,Google,MXD Item,7078.85,7570.96
1296,7/27/2004,NorthEast,Rhonda,Solar and Wind Inc.,YPH Item,245.5,663.52
1297,7/25/2004,NorthEast,Troung,Amazon.com,MYN Item,4488.71,9974.92
1298,7/24/2004,NorthEast,Steven,Whole Foods,IIA Item,660.76,881.01
1299,7/22/2004,NorthEast,Sheliadawn,The Economist,XIW Item,3116.74,7248.24
1300,7/22/2004,NorthEast,Jeri,The Economist,KSG Item,649.5,1180.91
1301,7/21/2004,NorthEast,Sheliadawn,Amazon.com,QRA Item,6587.7,8783.6
1302,7/18/2004,NorthEast,Luke,Office Depot,WCT Item,5438.64,9888.43
1303,7/17/2004,NorthEast,Sheliadawn,The Economist,BDO Item,5456.0,9247.46
1304,7/17/2004,NorthEast,Jon,Office Depot,JYF Item,1210.34,1613.79
1305,7/17/2004,NorthEast,Jon,Nature Company,GLH Item,782.73,1423.15
1306,7/16/2004,NorthEast,Rhonda,Nature Company,ESJ Item,5269.95,9581.72
1307,7/15/2004,NorthEast,Jon,Google,DMP Item,5481.29,9965.99
1308,7/14/2004,NorthEast,Jeri,Peet's Coffee,YID Item,1143.35,1971.29
1309,7/13/2004,NorthEast,Steven,Home Depot,FYP Item,690.33,1190.23
1310,7/9/2004,NorthEast,Troung,Home Depot,MGK Item,3034.39,8201.05
1311,7/9/2004,NorthEast,Sheliadawn,ExcelIsVeryFun.com,FWA Item,3273.27,3719.62
1312,7/5/2004,NorthEast,Steven,Office Depot,GDN Item,746.3,1356.9
1313,7/4/2004,NorthEast,Steven,Solar and Wind Inc.,LWM Item,8787.63,9985.94
1314,7/3/2004,NorthEast,Chin,ExcelIsVeryFun.com,UTE Item,3140.92,5710.77
1315,7/3/2004,NorthEast,Sheliadawn,The Economist,HFM Item,1160.91,2579.81
1316,7/2/2004,NorthEast,Jon,Sherman Williams,OYO Item,836.18,1520.32
1317,7/1/2004,NorthEast,Luke,ExcelIsVeryFun.com,UTO Item,2656.34,4502.27
1318,7/1/2004,NorthEast,Troung,McLendon's Hardware,BJI Item,105.4,284.87
1319,6/30/2004,NorthEast,Chin,The Economist,NQA Item,2705.61,4919.29
1320,6/30/2004,NorthEast,Chin,Whole Foods,TYL Item,1223.12,2844.46
1321,6/28/2004,NorthEast,Troung,McLendon's Hardware,VNZ Item,2043.56,4752.46
1322,6/26/2004,NorthEast,Jeri,Amazon.com,AHN Item,5927.72,6736.05
1323,6/26/2004,NorthEast,Troung,Yahoo,BRH Item,3712.22,6291.89
1324,6/25/2004,NorthEast,Chin,Peet's Coffee,BJA Item,2357.43,2521.32
1325,6/24/2004,NorthEast,Luke,McLendon's Hardware,CTT Item,4968.84,9034.25
1326,6/24/2004,NorthEast,Chin,Solar and Wind Inc.,ANS Item,2729.85,7377.97
1327,6/24/2004,NorthEast,Troung,Nature Company,HFA Item,2019.56,3422.99
1328,6/24/2004,NorthEast,Sheliadawn,Whole Foods,TMT Item,1860.83,1990.19
1329,6/24/2004,NorthEast,Steven,Sherman Williams,JFE Item,379.57,690.12
1330,6/22/2004,NorthEast,Chin,Office Depot,VYP Item,2687.97,4634.43
1331,6/20/2004,NorthEast,Troung,Whole Foods,WEZ Item,4481.37,7595.54
1332,6/19/2004,NorthEast,Luke,Amazon.com,IRH Item,3623.94,8427.77
1333,6/19/2004,NorthEast,Jeri,ExcelIsVeryFun.com,ZRG Item,581.01,854.43
1334,6/17/2004,NorthEast,Chin,Office Depot,MBP Item,5773.2,8490.0
1335,6/17/2004,NorthEast,Steven,Whole Foods,TPR Item,2181.24,4847.2
1336,6/17/2004,NorthEast,Luke,Solar and Wind Inc.,UQS Item,998.03,1691.57
1337,6/15/2006,SouthEast,Chin,Amazon.com,ZON Item,5406.27,9163.17
1338,6/15/2006,SouthEast,Chin,Solar and Wind Inc.,JFA Item,736.25,836.65
1339,6/14/2006,SouthEast,Sheliadawn,Google,QGH Item,1233.07,2867.6
1340,6/11/2006,SouthEast,Luke,Costco,RBU Item,3427.84,5809.9
1341,6/9/2006,SouthEast,Chin,Costco,HDP Item,6487.52,7372.18
1342,6/9/2006,SouthEast,Troung,Google,KDI Item,2478.71,4201.2
1343,6/8/2006,SouthEast,Troung,ExcelIsVeryFun.com,CSL Item,1563.02,3634.92
1344,6/3/2006,SouthEast,Rhonda,Nature Company,ISP Item,3317.46,8966.11
1345,6/1/2006,SouthEast,Chin,Office Depot,VWY Item,296.6,539.27
1346,5/29/2006,SouthEast,Sheliadawn,Nature Company,FXG Item,4263.18,6269.38
1347,5/28/2006,SouthEast,Jeri,ExcelIsVeryFun.com,YKZ Item,1075.89,2502.07
1348,5/24/2006,SouthEast,Jon,Yahoo,WZQ Item,2175.68,5059.71
1349,5/20/2006,SouthEast,Jon,Office Depot,RLW Item,2950.44,7974.17
1350,5/19/2006,SouthEast,Chin,The Economist,MDD Item,1458.24,2651.35
1351,5/18/2006,SouthEast,Chin,Google,FMB Item,5309.24,9653.16
1352,5/7/2006,SouthEast,Chin,Costco,JIM Item,4677.23,5002.38
1353,5/6/2006,SouthEast,Troung,Amazon.com,YDC Item,3558.86,8276.43
1354,5/5/2006,SouthEast,Rhonda,Yahoo,MTS Item,1974.5,4591.87
1355,5/3/2006,SouthEast,Luke,Costco,RMZ Item,1978.15,2115.67
1356,5/2/2006,SouthEast,Chin,Costco,BZR Item,3127.76,6950.57
1357,5/2/2006,SouthEast,Jeri,Whole Foods,YRP Item,1265.31,1437.85
1358,4/29/2006,SouthEast,Sheliadawn,The Economist,JGL Item,3491.38,6347.97
1359,4/28/2006,SouthEast,Rhonda,Amazon.com,EOE Item,98.04,264.98
1360,4/27/2006,SouthEast,Troung,Sherman Williams,UBW Item,1186.64,2759.63
1361,4/26/2006,SouthEast,Steven,Home Depot,UPA Item,7054.78,8016.79
1362,4/19/2006,SouthEast,Jon,Costco,QCV Item,4338.4,7353.22
1363,4/17/2006,SouthEast,Rhonda,Whole Foods,YXT Item,3781.32,8402.93
1364,4/15/2006,SouthEast,Jon,Sherman Williams,KHK Item,1935.96,3281.29
1365,4/14/2006,SouthEast,Steven,The Economist,VFU Item,5082.08,7473.64
1366,4/13/2006,SouthEast,Jon,Peet's Coffee,PRV Item,3293.43,5678.32
1367,4/9/2006,SouthEast,Luke,Amazon.com,EKT Item,3119.48,5671.78
1368,4/9/2006,SouthEast,Chin,Peet's Coffee,UXD Item,2647.43,4564.54
1369,4/5/2006,SouthEast,Luke,Whole Foods,MFZ Item,714.63,1588.07
1370,3/29/2006,SouthEast,Steven,The Economist,BRL Item,4241.54,6237.56
1371,3/29/2006,SouthEast,Chin,Costco,BRJ Item,1929.29,4287.32
1372,3/26/2006,SouthEast,Jeri,Yahoo,IPH Item,3488.55,3964.26
1373,3/22/2006,SouthEast,Rhonda,Google,SNC Item,1828.18,2077.48
1374,3/21/2006,SouthEast,Luke,Nature Company,RDD Item,4071.14,7019.2
1375,3/20/2006,SouthEast,Sheliadawn,Nature Company,QGQ Item,3175.61,4670.02
1376,3/18/2006,SouthEast,Troung,Home Depot,GAY Item,3495.95,4661.26
1377,3/18/2006,SouthEast,Jon,McLendon's Hardware,MDG Item,2962.53,4356.66
1378,3/16/2006,SouthEast,Chin,The Economist,LFO Item,3494.46,7765.47
1379,3/14/2006,SouthEast,Rhonda,Peet's Coffee,TIH Item,4846.16,5507.0
1380,3/12/2006,SouthEast,Jeri,Solar and Wind Inc.,JMX Item,411.52,1112.22
1381,3/5/2006,SouthEast,Chin,Solar and Wind Inc.,EEO Item,1200.88,3245.61
1382,3/1/2006,SouthEast,Chin,Amazon.com,FHT Item,1277.97,2972.02
1383,2/26/2006,SouthEast,Jeri,Home Depot,JHF Item,15.06,22.15
1384,2/24/2006,SouthEast,Chin,Sherman Williams,MHY Item,5772.34,6173.63
1385,2/23/2006,SouthEast,Steven,Peet's Coffee,NFI Item,3682.63,6349.36
1386,2/20/2006,SouthEast,Jon,Sherman Williams,MWX Item,2350.13,5222.52
1387,2/13/2006,SouthEast,Jeri,Sherman Williams,WSD Item,6647.98,8863.97
1388,2/11/2006,SouthEast,Rhonda,Amazon.com,MBS Item,2570.73,3780.49
1389,2/10/2006,SouthEast,Sheliadawn,Solar and Wind Inc.,BGP Item,1022.85,2273.0
1390,2/9/2006,SouthEast,Sheliadawn,Sherman Williams,SYC Item,2711.13,6024.74
1391,2/7/2006,SouthEast,Chin,Google,BAW Item,4002.68,5336.9
1392,2/5/2006,SouthEast,Chin,Office Depot,QKP Item,375.85,1015.81
1393,2/1/2006,SouthEast,Chin,ExcelIsVeryFun.com,BCW Item,3031.54,6736.75
1394,1/30/2006,SouthEast,Steven,Sherman Williams,WPJ Item,1418.96,2446.49
1395,1/28/2006,SouthEast,Steven,McLendon's Hardware,ACF Item,3479.96,3954.5
1396,1/28/2006,SouthEast,Jeri,ExcelIsVeryFun.com,EDS Item,3277.45,3505.29
1397,1/26/2006,SouthEast,Jon,The Economist,DYM Item,3501.1,5148.67
1398,1/25/2006,SouthEast,Jeri,Solar and Wind Inc.,OVI Item,1457.85,2143.9
1399,1/25/2006,SouthEast,Sheliadawn,Home Depot,CXY Item,517.76,941.39
1400,1/22/2006,SouthEast,Troung,Amazon.com,HVV Item,4517.8,6643.82
1401,1/19/2006,SouthEast,Rhonda,Solar and Wind Inc.,UVO Item,3345.55,4919.93
1402,1/15/2006,SouthEast,Steven,Whole Foods,NGX Item,78.91,183.51
1403,1/9/2006,SouthEast,Troung,Office Depot,FFW Item,1222.62,1630.16
1404,1/5/2006,SouthEast,Jeri,Yahoo,APF Item,1349.83,3648.18
1405,1/4/2006,SouthEast,Luke,Solar and Wind Inc.,PGK Item,4158.17,5544.23
1406,12/30/2005,SouthEast,Troung,Nature Company,EIS Item,5338.44,7117.92
1407,12/29/2005,SouthEast,Luke,Peet's Coffee,QJR Item,788.88,1337.08
1408,12/28/2005,SouthEast,Steven,Sherman Williams,GPB Item,2215.53,5987.93
1409,12/27/2005,SouthEast,Rhonda,Solar and Wind Inc.,SKL Item,1270.93,3434.94
1410,12/25/2005,SouthEast,Jeri,Google,TKV Item,5914.4,6325.56
1411,12/23/2005,SouthEast,Steven,Sherman Williams,CCV Item,7134.12,8106.96
1412,12/23/2005,SouthEast,Jon,Peet's Coffee,QHG Item,1609.96,3577.68
1413,12/21/2005,SouthEast,Steven,Home Depot,UTS Item,2032.72,5493.83
1414,12/15/2005,SouthEast,Sheliadawn,McLendon's Hardware,IHQ Item,5964.0,7952.0
1415,12/14/2005,SouthEast,Jon,Amazon.com,UNH Item,3963.24,8807.2
1416,12/13/2005,SouthEast,Jon,Nature Company,KHA Item,1191.24,2053.87
1417,12/12/2005,SouthEast,Jon,Sherman Williams,MOB Item,2004.92,5418.71
1418,12/12/2005,SouthEast,Jeri,Whole Foods,BDC Item,1853.22,3195.21
1419,12/9/2005,SouthEast,Chin,Amazon.com,TRT Item,3923.22,5769.44
1420,12/7/2005,SouthEast,Jeri,Solar and Wind Inc.,XXB Item,4051.0,9420.93
1421,12/7/2005,SouthEast,Jeri,Office Depot,LVF Item,1857.5,3148.3
1422,12/2/2005,SouthEast,Jon,Yahoo,YYC Item,3290.26,5672.87
1423,12/1/2005,SouthEast,Steven,Yahoo,VSH Item,5728.75,6509.94
1424,11/30/2005,SouthEast,Luke,Sherman Williams,DYD Item,1279.42,2168.51
1425,11/27/2005,SouthEast,Rhonda,The Economist,FPA Item,1483.93,4010.61
1426,11/27/2005,SouthEast,Luke,The Economist,SHE Item,1173.83,2023.84
1427,11/24/2005,SouthEast,Rhonda,McLendon's Hardware,TAG Item,744.48,1094.83
1428,11/14/2005,SouthEast,Chin,ExcelIsVeryFun.com,UHF Item,4295.31,5727.08
1429,11/10/2005,SouthEast,Steven,Nature Company,FCI Item,4551.28,8275.06
1430,11/9/2005,SouthEast,Chin,Peet's Coffee,ZPU Item,3090.4,5328.27
1431,11/6/2005,SouthEast,Rhonda,Solar and Wind Inc.,IKP Item,3919.15,5763.45
1432,11/3/2005,SouthEast,Luke,Sherman Williams,KQA Item,3695.05,5433.9
1433,11/2/2005,SouthEast,Jeri,Whole Foods,KQJ Item,1336.62,2430.21
1434,10/30/2005,SouthEast,Sheliadawn,Peet's Coffee,ZGA Item,4456.6,7683.8
1435,10/29/2005,SouthEast,Rhonda,Google,TFM Item,2657.61,7182.73
1436,10/29/2005,SouthEast,Sheliadawn,Office Depot,JQH Item,2365.79,2688.4
1437,10/24/2005,SouthEast,Steven,Costco,XLF Item,1798.34,2043.57
1438,10/22/2005,SouthEast,Jeri,Amazon.com,FDU Item,113.68,121.58
1439,10/21/2005,SouthEast,Chin,Solar and Wind Inc.,VNM Item,779.93,1418.05
1440,10/20/2005,SouthEast,Luke,Costco,CLN Item,612.13,1360.28
1441,10/15/2005,SouthEast,Troung,Office Depot,YIT Item,3219.61,8701.64
1442,10/13/2005,SouthEast,Rhonda,Office Depot,XMY Item,2395.25,6473.64
1443,10/13/2005,SouthEast,Jeri,Sherman Williams,MJG Item,2704.59,3073.4
1444,10/12/2005,SouthEast,Jon,Amazon.com,HJX Item,5599.62,9490.88
1445,10/12/2005,SouthEast,Jon,ExcelIsVeryFun.com,TLP Item,303.97,515.21
1446,10/10/2005,SouthEast,Sheliadawn,Sherman Williams,APP Item,4141.41,9631.18
1447,10/8/2005,SouthEast,Rhonda,Sherman Williams,CIA Item,1035.85,2301.89
1448,10/7/2005,SouthEast,Luke,Amazon.com,AIM Item,3641.63,6278.68
1449,10/6/2005,SouthEast,Sheliadawn,Peet's Coffee,VBB Item,5754.39,6154.43
1450,10/3/2005,SouthEast,Rhonda,Google,BHN Item,4853.28,7137.18
1451,9/29/2005,SouthEast,Chin,Home Depot,HGF Item,3030.52,5225.03
1452,9/25/2005,SouthEast,Jon,Costco,UGN Item,1503.71,2004.95
1453,9/24/2005,SouthEast,Sheliadawn,McLendon's Hardware,TIB Item,3337.16,4449.55
1454,9/18/2005,SouthEast,Troung,Yahoo,ZUL Item,3598.85,6204.91
1455,9/18/2005,SouthEast,Jeri,The Economist,MKP Item,447.89,658.66
1456,9/16/2005,SouthEast,Troung,McLendon's Hardware,MUR Item,4240.1,9860.69
1457,9/15/2005,SouthEast,Luke,Google,ATD Item,5016.69,5700.78
1458,9/14/2005,SouthEast,Chin,Office Depot,UYM Item,8115.05,8679.2
1459,9/13/2005,SouthEast,Sheliadawn,Costco,STG Item,2402.11,4071.38
1460,9/13/2005,SouthEast,Luke,Whole Foods,BVP Item,2244.35,2400.37
1461,9/12/2005,SouthEast,Chin,The Economist,DUJ Item,2381.25,4329.54
1462,9/11/2005,SouthEast,Jon,Sherman Williams,EWS Item,2715.54,4681.97
1463,9/10/2005,SouthEast,Jeri,Amazon.com,JLN Item,5758.38,6158.69
1464,9/9/2005,SouthEast,Luke,Yahoo,HDE Item,4390.86,4696.11
1465,9/8/2005,SouthEast,Sheliadawn,McLendon's Hardware,VFB Item,3285.99,3514.43
1466,8/28/2005,SouthEast,Jeri,Yahoo,PBC Item,2067.91,4809.09
1467,8/26/2005,SouthEast,Luke,The Economist,YUS Item,248.69,452.16
1468,8/25/2005,SouthEast,Rhonda,Solar and Wind Inc.,DYU Item,8240.28,9363.95
1469,8/25/2005,SouthEast,Troung,Solar and Wind Inc.,IFT Item,274.97,611.04
1470,8/24/2005,SouthEast,Chin,Peet's Coffee,LHG Item,4633.14,7988.18
1471,8/22/2005,SouthEast,Jeri,Costco,RWZ Item,1670.37,3711.93
1472,8/17/2005,SouthEast,Jon,Amazon.com,XZZ Item,1738.62,2556.8
1473,8/16/2005,SouthEast,Rhonda,Home Depot,OLP Item,2190.53,5094.25
1474,8/14/2005,SouthEast,Chin,Yahoo,UWC Item,4049.01,9416.31
1475,8/12/2005,SouthEast,Troung,Solar and Wind Inc.,YQZ Item,661.55,882.06
1476,8/11/2005,SouthEast,Rhonda,Costco,WNV Item,2583.56,2935.86
1477,8/10/2005,SouthEast,Jon,Peet's Coffee,AQJ Item,944.34,2552.28
1478,8/7/2005,SouthEast,Troung,Sherman Williams,GPQ Item,6549.87,7005.21
1479,8/5/2005,SouthEast,Luke,Sherman Williams,AEX Item,1635.02,1857.98
1480,8/1/2005,SouthEast,Troung,ExcelIsVeryFun.com,YVJ Item,1375.02,2022.09
1481,7/30/2005,SouthEast,Luke,Google,DEG Item,5463.88,9260.81
1482,7/28/2005,SouthEast,Chin,Peet's Coffee,OFG Item,500.22,568.43
1483,7/27/2005,SouthEast,Luke,Costco,IBV Item,2807.34,5104.26
1484,7/26/2005,SouthEast,Luke,Google,GZB Item,4286.48,9968.55
1485,7/25/2005,SouthEast,Luke,Nature Company,QRR Item,6673.35,7583.35
1486,7/24/2005,SouthEast,Troung,Whole Foods,ZMY Item,3234.28,8741.3
1487,7/16/2005,SouthEast,Steven,Whole Foods,JIA Item,2287.73,3050.31
1488,7/15/2005,SouthEast,Jon,Amazon.com,OTZ Item,3145.57,3364.25
1489,7/15/2005,SouthEast,Troung,Solar and Wind Inc.,NDJ Item,2844.68,3232.59
1490,7/14/2005,SouthEast,Rhonda,Office Depot,XBF Item,2178.79,5066.96
1491,7/14/2005,SouthEast,Steven,The Economist,OBM Item,2148.6,3641.69
1492,7/13/2005,SouthEast,Troung,Home Depot,UJE Item,1612.11,4357.05
1493,7/10/2005,SouthEast,Chin,Home Depot,XID Item,5686.06,8361.86
1494,7/8/2005,SouthEast,Steven,ExcelIsVeryFun.com,MDH Item,5691.53,9812.99
1495,7/7/2005,SouthEast,Luke,Sherman Williams,WNZ Item,3014.39,5480.71
1496,6/22/2005,SouthEast,Steven,Amazon.com,MPS Item,6892.16,9189.55
1497,6/21/2005,SouthEast,Jon,Solar and Wind Inc.,REH Item,3237.64,7529.39
1498,6/16/2005,SouthEast,Jon,Google,ZJL Item,3398.33,4997.54
1499,6/12/2005,SouthEast,Luke,Peet's Coffee,ENW Item,3438.09,5927.74
1500,6/9/2005,SouthEast,Luke,McLendon's Hardware,KEI Item,3481.28,6002.2
1501,6/6/2005,SouthEast,Troung,Nature Company,FGA Item,1802.87,2048.72
1502,6/5/2005,SouthEast,Steven,Google,UWT Item,246.18,572.52
1503,6/1/2005,SouthEast,Steven,The Economist,ZEK Item,4504.03,6005.37
1504,5/25/2005,SouthEast,Troung,Amazon.com,NUH Item,454.23,1009.4
1505,5/24/2005,SouthEast,Steven,Sherman Williams,OQM Item,6515.34,8687.12
1506,5/21/2005,SouthEast,Jon,Yahoo,CQC Item,268.97,358.63
1507,5/19/2005,SouthEast,Troung,Google,WCE Item,4965.82,7302.67
1508,5/17/2005,SouthEast,Luke,Sherman Williams,CZL Item,2952.6,4342.06
1509,5/15/2005,SouthEast,Jon,The Economist,MDC Item,5428.28,9200.48
1510,5/14/2005,SouthEast,Chin,Peet's Coffee,VTR Item,4811.76,8296.13
1511,5/13/2005,SouthEast,Chin,Whole Foods,NVY Item,1873.41,3406.2
1512,5/10/2005,SouthEast,Troung,Peet's Coffee,RJQ Item,2553.43,3755.04
1513,5/8/2005,SouthEast,Jon,Amazon.com,LDF Item,2864.64,7742.27
1514,5/1/2005,SouthEast,Jon,Whole Foods,MSH Item,6820.56,9094.08
1515,5/1/2005,SouthEast,Jeri,Whole Foods,VNR Item,3364.09,7475.76
1516,5/1/2005,SouthEast,Luke,Whole Foods,NAE Item,3877.48,7049.96
1517,4/28/2005,SouthEast,Luke,Yahoo,VPC Item,3689.25,6252.96
1518,4/27/2005,SouthEast,Steven,ExcelIsVeryFun.com,BLF Item,1942.18,2589.57
1519,4/25/2005,SouthEast,Steven,Google,BQO Item,3292.36,4841.71
1520,4/24/2005,SouthEast,Luke,Sherman Williams,SFH Item,2237.26,3791.96
1521,4/24/2005,SouthEast,Troung,Sherman Williams,UQW Item,2100.8,3089.41
1522,4/20/2005,SouthEast,Steven,Sherman Williams,TGL Item,5392.37,7189.82
1523,4/15/2005,SouthEast,Jon,Sherman Williams,NUH Item,1336.25,2969.45
1524,4/12/2005,SouthEast,Rhonda,ExcelIsVeryFun.com,HEF Item,4392.87,7987.04
1525,4/11/2005,SouthEast,Luke,Costco,DVP Item,3296.17,3745.65
1526,4/11/2005,SouthEast,Troung,ExcelIsVeryFun.com,DLX Item,139.95,378.23
1527,4/8/2005,SouthEast,Jon,Solar and Wind Inc.,BRS Item,3466.28,7702.84
1528,3/30/2005,SouthEast,Jeri,Solar and Wind Inc.,RCE Item,3730.5,6431.9
1529,3/29/2005,SouthEast,Jeri,Sherman Williams,QGI Item,4345.09,7491.54
1530,3/26/2005,SouthEast,Luke,The Economist,TML Item,7341.38,9788.5
1531,3/25/2005,SouthEast,Jeri,Sherman Williams,SMG Item,2360.19,3146.92
1532,3/25/2005,SouthEast,Luke,Whole Foods,ZHY Item,1755.82,3027.28
1533,3/24/2005,SouthEast,Jeri,Whole Foods,DKD Item,1831.19,4949.16
1534,3/21/2005,SouthEast,Chin,Peet's Coffee,MXO Item,2729.76,7377.74
1535,3/20/2005,SouthEast,Troung,Yahoo,HXL Item,877.49,1595.43
1536,3/19/2005,SouthEast,Sheliadawn,Whole Foods,NEE Item,4351.8,7375.94
1537,3/18/2005,SouthEast,Sheliadawn,Google,QIE Item,1759.9,4092.78
1538,3/16/2005,SouthEast,Chin,Office Depot,ICN Item,605.97,1101.77
1539,3/15/2005,SouthEast,Jeri,The Economist,BSX Item,6239.95,9176.4
1540,3/15/2005,SouthEast,Steven,ExcelIsVeryFun.com,XRP Item,1377.08,3721.83
1541,3/14/2005,SouthEast,Chin,McLendon's Hardware,ZGF Item,706.1,1908.37
1542,3/6/2005,SouthEast,Rhonda,Nature Company,XWP Item,3154.71,5346.96
1543,2/25/2005,SouthEast,Troung,McLendon's Hardware,RPR Item,8385.28,9528.73
1544,2/24/2005,SouthEast,Jeri,Amazon.com,SPG Item,4460.79,8110.53
1545,2/22/2005,SouthEast,Troung,The Economist,GXP Item,5712.86,9849.76
1546,2/20/2005,SouthEast,Jeri,Yahoo,UJQ Item,4808.46,8290.45
1547,2/19/2005,SouthEast,Jon,Costco,IQG Item,116.92,171.94
1548,2/17/2005,SouthEast,Steven,Home Depot,DRK Item,2266.8,5271.62
1549,2/16/2005,SouthEast,Jon,The Economist,XHR Item,4271.12,7364.0
1550,2/14/2005,SouthEast,Steven,Yahoo,CHU Item,8318.62,8896.92
1551,2/14/2005,SouthEast,Jeri,Amazon.com,QFM Item,1401.47,2375.37
1552,2/12/2005,SouthEast,Troung,Yahoo,OWA Item,6955.61,7439.15
1553,2/12/2005,SouthEast,Jeri,McLendon's Hardware,PJS Item,1100.89,1467.85
1554,2/10/2005,SouthEast,Troung,Home Depot,KYK Item,5970.74,6784.93
1555,2/9/2005,SouthEast,Jeri,Google,OQV Item,7362.19,9816.25
1556,2/9/2005,SouthEast,Sheliadawn,Google,VKZ Item,1835.65,4268.96
1557,2/9/2005,SouthEast,Sheliadawn,Whole Foods,FCJ Item,2890.4,3853.86
1558,2/9/2005,SouthEast,Sheliadawn,Amazon.com,TEG Item,1523.73,2582.6
1559,2/3/2005,SouthEast,Sheliadawn,Google,QBL Item,862.86,2006.65
1560,2/1/2005,SouthEast,Troung,Costco,KJV Item,9318.96,9966.8
1561,1/30/2005,SouthEast,Chin,Whole Foods,WYF Item,1615.26,2375.38
1562,1/29/2005,SouthEast,Jon,The Economist,CSI Item,5142.91,6857.21
1563,1/26/2005,SouthEast,Jon,Whole Foods,WOC Item,2611.64,3840.65
1564,1/24/2005,SouthEast,Steven,Amazon.com,YFM Item,4773.76,8091.12
1565,1/24/2005,SouthEast,Steven,Office Depot,PGS Item,1091.14,2537.53
1566,1/23/2005,SouthEast,Chin,Home Depot,MEH Item,3497.48,9452.66
1567,1/23/2005,SouthEast,Sheliadawn,Solar and Wind Inc.,ENN Item,3702.88,8228.62
1568,1/23/2005,SouthEast,Jeri,Peet's Coffee,SQM Item,4448.44,6541.82
1569,1/21/2005,SouthEast,Troung,ExcelIsVeryFun.com,CRR Item,3070.16,4093.54
1570,1/19/2005,SouthEast,Jon,Google,CLJ Item,4427.96,7505.02
1571,1/14/2005,SouthEast,Jeri,The Economist,GQC Item,6993.48,7479.66
1572,1/12/2005,SouthEast,Troung,ExcelIsVeryFun.com,KOQ Item,3836.51,6975.47
1573,1/12/2005,SouthEast,Jon,ExcelIsVeryFun.com,OTD Item,975.35,2636.08
1574,1/11/2005,SouthEast,Steven,Sherman Williams,VJK Item,351.13,638.42
1575,1/8/2005,SouthEast,Jeri,Google,ORF Item,1513.27,1719.62
1576,1/7/2005,SouthEast,Jeri,Peet's Coffee,UGW Item,1406.34,3125.2
1577,1/6/2005,SouthEast,Jon,Nature Company,TZE Item,2795.46,4738.07
1578,1/5/2005,SouthEast,Jeri,Solar and Wind Inc.,CKU Item,135.31,300.69
1579,1/5/2005,SouthEast,Sheliadawn,Yahoo,MJE Item,218.96,234.18
1580,1/3/2005,SouthEast,Chin,Whole Foods,XGE Item,854.13,2308.45
1581,1/2/2005,SouthEast,Steven,Sherman Williams,SIV Item,5238.73,9032.3
1582,1/2/2005,SouthEast,Troung,Costco,XYT Item,2423.75,4406.81
1583,12/29/2004,SouthEast,Jon,The Economist,PUZ Item,1776.56,4801.51
1584,12/26/2004,SouthEast,Jeri,Home Depot,HVF Item,5923.06,6334.82
1585,12/22/2004,SouthEast,Luke,Solar and Wind Inc.,LOR Item,3799.3,4317.39
1586,12/22/2004,SouthEast,Jon,Peet's Coffee,DKT Item,3727.46,3986.59
1587,12/20/2004,SouthEast,Jon,Solar and Wind Inc.,VIN Item,5876.59,9960.33
1588,12/18/2004,SouthEast,Troung,Whole Foods,CUV Item,758.19,1763.23
1589,12/18/2004,SouthEast,Jon,Office Depot,EMO Item,331.26,561.46
1590,12/15/2004,SouthEast,Troung,Peet's Coffee,LDK Item,6418.88,6865.11
1591,12/15/2004,SouthEast,Chin,Amazon.com,YTL Item,1378.59,3206.03
1592,12/14/2004,SouthEast,Rhonda,Sherman Williams,ZHH Item,2230.92,4957.61
1593,12/11/2004,SouthEast,Luke,Nature Company,DXO Item,6585.66,8780.88
1594,12/9/2004,SouthEast,Luke,Home Depot,KBY Item,2935.04,4316.23
1595,12/4/2004,SouthEast,Jon,Nature Company,VSC Item,3906.99,8682.19
1596,12/4/2004,SouthEast,Rhonda,Yahoo,MQW Item,4262.52,7750.03
1597,11/27/2004,SouthEast,Sheliadawn,Whole Foods,ECX Item,2003.94,4453.2
1598,11/27/2004,SouthEast,Sheliadawn,Whole Foods,ALA Item,2595.27,2775.69
1599,11/25/2004,SouthEast,Chin,Sherman Williams,YZG Item,1332.11,1958.99
1600,11/21/2004,SouthEast,Luke,Sherman Williams,WYL Item,7479.79,8499.76
1601,11/19/2004,SouthEast,Troung,Peet's Coffee,TQB Item,4507.06,4820.39
1602,11/16/2004,SouthEast,Sheliadawn,The Economist,CRF Item,5399.02,9308.65
1603,11/16/2004,SouthEast,Jeri,ExcelIsVeryFun.com,USD Item,3608.38,8018.63
1604,11/11/2004,SouthEast,Chin,Office Depot,NPJ Item,1819.99,4044.42
1605,11/10/2004,SouthEast,Sheliadawn,Google,EUY Item,5467.0,9266.11
1606,11/10/2004,SouthEast,Chin,Sherman Williams,XWK Item,3426.73,6230.42
1607,11/10/2004,SouthEast,Rhonda,Nature Company,MUU Item,4171.44,6134.47
1608,11/9/2004,SouthEast,Troung,Office Depot,MEE Item,3374.21,7846.99
1609,11/2/2004,SouthEast,Luke,Costco,ACD Item,8311.74,9445.16
1610,11/2/2004,SouthEast,Steven,ExcelIsVeryFun.com,PBJ Item,3549.62,4732.82
1611,10/28/2004,SouthEast,Sheliadawn,Yahoo,TJA Item,748.32,1662.94
1612,10/24/2004,SouthEast,Jeri,McLendon's Hardware,OGB Item,450.47,763.51
1613,10/23/2004,SouthEast,Jeri,Home Depot,QDB Item,4923.04,8344.14
1614,10/21/2004,SouthEast,Chin,McLendon's Hardware,JDL Item,5842.79,8592.34
1615,10/18/2004,SouthEast,Luke,Costco,MNG Item,427.9,629.27
1616,10/17/2004,SouthEast,Rhonda,Home Depot,MOG Item,4014.81,6922.09
1617,10/16/2004,SouthEast,Jon,The Economist,LWK Item,1135.32,2640.28
1618,10/15/2004,SouthEast,Steven,Nature Company,SNP Item,2989.34,6642.97
1619,10/15/2004,SouthEast,Rhonda,Yahoo,AWH Item,56.57,75.43
1620,10/11/2004,SouthEast,Sheliadawn,Costco,JUQ Item,1094.35,1243.58
1621,10/10/2004,SouthEast,Steven,ExcelIsVeryFun.com,AWF Item,6417.66,9437.74
1622,10/9/2004,SouthEast,Rhonda,Nature Company,CDR Item,5723.32,8416.65
1623,10/7/2004,SouthEast,Chin,Solar and Wind Inc.,FFF Item,2251.43,2558.44
1624,10/3/2004,SouthEast,Rhonda,Costco,DSW Item,2774.78,6452.97
1625,10/3/2004,SouthEast,Rhonda,Yahoo,RHG Item,2067.76,5588.55
1626,10/3/2004,SouthEast,Rhonda,Sherman Williams,TZG Item,939.96,2185.96
1627,10/1/2004,SouthEast,Sheliadawn,Whole Foods,EWJ Item,3017.95,5203.36
1628,9/30/2004,SouthEast,Troung,ExcelIsVeryFun.com,AYR Item,2121.67,4714.83
1629,9/28/2004,SouthEast,Jeri,Google,RKM Item,3581.36,7958.57
1630,9/26/2004,SouthEast,Steven,ExcelIsVeryFun.com,JRG Item,1593.88,3706.7
1631,9/24/2004,SouthEast,Jeri,Peet's Coffee,MNC Item,2872.72,3830.29
1632,9/23/2004,SouthEast,Sheliadawn,Peet's Coffee,VGB Item,3280.35,5655.78
1633,9/21/2004,SouthEast,Jeri,ExcelIsVeryFun.com,ZLA Item,1101.14,2976.06
1634,9/19/2004,SouthEast,Sheliadawn,Costco,PPK Item,5342.11,5713.49
1635,9/18/2004,SouthEast,Jon,Yahoo,GGW Item,4373.8,7541.04
1636,9/17/2004,SouthEast,Steven,The Economist,MWX Item,2680.15,7243.65
1637,9/8/2004,SouthEast,Luke,Yahoo,VOO Item,1054.19,1817.57
1638,9/6/2004,SouthEast,Jon,Solar and Wind Inc.,ZDZ Item,3980.17,4522.92
1639,9/5/2004,SouthEast,Troung,Office Depot,VHD Item,965.33,2244.96
1640,9/4/2004,SouthEast,Troung,McLendon's Hardware,CKX Item,5157.05,9376.45
1641,9/4/2004,SouthEast,Chin,McLendon's Hardware,KKV Item,2356.79,5480.91
1642,9/2/2004,SouthEast,Jeri,Home Depot,RAR Item,3759.94,8744.05
1643,8/31/2004,SouthEast,Chin,Yahoo,GDC Item,5802.57,9834.87
1644,8/30/2004,SouthEast,Jon,Nature Company,BYE Item,4482.8,6592.35
1645,8/30/2004,SouthEast,Rhonda,Yahoo,RLA Item,744.84,2013.09
1646,8/28/2004,SouthEast,Rhonda,Solar and Wind Inc.,YCM Item,2021.75,2695.66
1647,8/27/2004,SouthEast,Troung,The Economist,RHL Item,4356.97,5809.29
1648,8/25/2004,SouthEast,Troung,Google,ZQH Item,2637.42,2820.77
1649,8/23/2004,SouthEast,Jeri,Nature Company,CVM Item,8622.15,9221.55
1650,8/22/2004,SouthEast,Chin,Sherman Williams,YVD Item,3605.87,6111.65
1651,8/21/2004,SouthEast,Sheliadawn,Costco,CVS Item,1381.91,2032.22
1652,8/15/2004,SouthEast,Jon,Sherman Williams,SAR Item,3778.85,8788.03
1653,8/13/2004,SouthEast,Luke,Costco,SHZ Item,852.83,1470.4
1654,8/10/2004,SouthEast,Luke,Costco,BAM Item,5686.04,9803.51
1655,8/7/2004,SouthEast,Sheliadawn,Google,QNJ Item,799.45,1378.37
1656,8/3/2004,SouthEast,Jon,The Economist,FBG Item,3972.43,4514.12
1657,8/3/2004,SouthEast,Troung,Solar and Wind Inc.,UAE Item,1271.63,2825.85
1658,8/3/2004,SouthEast,Jeri,Costco,ZHW Item,421.62,479.11
1659,7/31/2004,SouthEast,Chin,ExcelIsVeryFun.com,VGO Item,5937.06,8730.97
1660,7/24/2004,SouthEast,Chin,Costco,LFI Item,3410.24,7578.32
1661,7/23/2004,SouthEast,Jeri,Nature Company,FOI Item,1152.17,3113.97
1662,7/22/2004,SouthEast,Luke,Peet's Coffee,QNN Item,1926.54,3265.32
1663,7/19/2004,SouthEast,Troung,Nature Company,DSK Item,5542.54,9556.11
1664,7/19/2004,SouthEast,Jon,Google,NOS Item,1333.31,2962.9
1665,7/11/2004,SouthEast,Steven,Amazon.com,FJF Item,4710.73,7984.28
1666,7/10/2004,SouthEast,Luke,Amazon.com,SYS Item,3181.6,7070.22
1667,7/8/2004,SouthEast,Troung,Solar and Wind Inc.,DCR Item,3110.48,4147.3
1668,7/8/2004,SouthEast,Jon,Nature Company,UKS Item,2226.67,2381.46
1669,7/8/2004,SouthEast,Jeri,Nature Company,RWW Item,1829.65,2079.15
1670,7/3/2004,SouthEast,Jon,The Economist,RAB Item,1265.75,2812.78
1671,7/2/2004,SouthEast,Troung,Google,UOZ Item,899.6,1551.03
1672,7/1/2004,SouthEast,Jon,Costco,GRX Item,3960.83,7201.51
1673,6/23/2004,SouthEast,Jon,Google,PQT Item,1707.81,4615.71
1674,6/22/2004,SouthEast,Rhonda,Office Depot,CJE Item,1007.75,2239.44
1675,6/21/2004,SouthEast,Jon,Sherman Williams,QAL Item,8555.85,9150.64
1676,6/21/2004,SouthEast,Jon,Yahoo,UYS Item,4843.5,8209.33
1677,6/21/2004,SouthEast,Jeri,Office Depot,BHL Item,285.08,662.97
1678,6/17/2004,SouthEast,Chin,Whole Foods,HES Item,5838.15,7784.2
1679,6/13/2006,West,Chin,Nature Company,OZR Item,2187.71,3771.92
1680,6/10/2006,West,Luke,Whole Foods,EPZ Item,209.3,360.87
1681,6/8/2006,West,Jeri,Yahoo,VVA Item,4949.53,8389.04
1682,6/7/2006,West,Rhonda,Solar and Wind Inc.,KBF Item,6353.36,9343.18
1683,6/7/2006,West,Jon,Nature Company,CAY Item,3084.57,5228.09
1684,5/30/2006,West,Chin,Whole Foods,JLK Item,5224.19,5587.37
1685,5/30/2006,West,Luke,Costco,JUE Item,1117.5,1894.07
1686,5/27/2006,West,Luke,Solar and Wind Inc.,RHV Item,2289.25,4162.28
1687,5/25/2006,West,Jeri,Office Depot,RTF Item,1259.07,2928.08
1688,5/22/2006,West,Jon,Nature Company,QAI Item,4441.38,6531.44
1689,5/22/2006,West,Jeri,Amazon.com,EIO Item,776.85,1726.33
1690,5/21/2006,West,Rhonda,The Economist,IZB Item,1658.33,3685.18
1691,5/19/2006,West,Jeri,Nature Company,GVD Item,1854.61,4313.04
1692,5/19/2006,West,Sheliadawn,Solar and Wind Inc.,TVT Item,1530.54,3401.21
1693,5/19/2006,West,Jon,Solar and Wind Inc.,GFI Item,1798.3,3100.52
1694,5/13/2006,West,Chin,Office Depot,RUK Item,927.62,2507.09
1695,5/12/2006,West,Troung,Whole Foods,MEO Item,4596.96,8358.1
1696,5/8/2006,West,Troung,Office Depot,OXV Item,6255.5,8340.66
1697,5/7/2006,West,Rhonda,Sherman Williams,HSS Item,2018.04,2158.33
1698,5/4/2006,West,Jeri,ExcelIsVeryFun.com,ZAW Item,5376.26,9112.31
1699,5/3/2006,West,Sheliadawn,Yahoo,YRA Item,3843.07,6513.67
1700,4/29/2006,West,Troung,McLendon's Hardware,GUA Item,195.22,433.82
1701,4/16/2006,West,Sheliadawn,Google,XFN Item,3494.59,7765.76
1702,4/16/2006,West,Troung,ExcelIsVeryFun.com,XBY Item,2350.46,4052.52
1703,4/15/2006,West,Sheliadawn,Amazon.com,WLS Item,3894.41,8654.25
1704,4/12/2006,West,Jon,McLendon's Hardware,CCA Item,751.76,1670.57
1705,4/7/2006,West,Chin,Solar and Wind Inc.,VPY Item,712.93,1296.23
1706,4/6/2006,West,Jon,Yahoo,SHA Item,1934.53,2198.33
1707,4/5/2006,West,Sheliadawn,Peet's Coffee,EWX Item,5043.59,9170.17
1708,4/5/2006,West,Luke,Nature Company,ZGL Item,3135.61,8474.62
1709,4/4/2006,West,Chin,Solar and Wind Inc.,QCL Item,5554.45,6311.88
1710,3/29/2006,West,Luke,Nature Company,ZEE Item,1746.54,3011.28
1711,3/24/2006,West,Steven,Office Depot,ULU Item,4901.43,8450.74
1712,3/22/2006,West,Jon,Yahoo,TPZ Item,2230.57,2534.74
1713,3/14/2006,West,Jeri,Sherman Williams,BEU Item,1804.02,1929.43
1714,3/12/2006,West,Steven,Solar and Wind Inc.,FJH Item,3499.59,6033.77
1715,3/10/2006,West,Jeri,Peet's Coffee,WGT Item,4264.1,9916.51
1716,3/8/2006,West,Rhonda,Amazon.com,PEN Item,1701.14,3780.32
1717,3/6/2006,West,Troung,Sherman Williams,CZU Item,4512.39,5127.72
1718,3/5/2006,West,Sheliadawn,Nature Company,OPC Item,4802.71,8280.54
1719,3/3/2006,West,Rhonda,Solar and Wind Inc.,XTA Item,5971.79,7962.38
1720,3/3/2006,West,Troung,ExcelIsVeryFun.com,KPO Item,426.48,991.81
1721,2/25/2006,West,Chin,Office Depot,URT Item,2306.77,6234.51
1722,2/23/2006,West,Jon,Office Depot,QKT Item,1776.6,2368.8
1723,2/22/2006,West,Sheliadawn,Amazon.com,PTK Item,283.12,302.8
1724,2/21/2006,West,Jeri,Google,LEL Item,1860.25,5027.71
1725,2/20/2006,West,Jon,Whole Foods,LJR Item,5014.63,6686.17
1726,2/20/2006,West,Chin,The Economist,LMF Item,3507.3,3985.57
1727,2/20/2006,West,Jeri,Whole Foods,RUR Item,1279.02,2325.49
1728,2/19/2006,West,Jon,Whole Foods,SGN Item,1530.2,2593.56
1729,2/17/2006,West,Steven,Peet's Coffee,DXG Item,2865.12,6663.08
1730,2/10/2006,West,Jeri,Google,TLJ Item,178.75,238.33
1731,2/9/2006,West,Luke,McLendon's Hardware,BST Item,1140.27,2533.94
1732,2/6/2006,West,Rhonda,Yahoo,QTS Item,3138.51,7298.86
1733,2/4/2006,West,Jeri,Google,RBI Item,217.49,232.61
1734,1/31/2006,West,Jeri,Google,HFG Item,568.53,836.07
1735,1/28/2006,West,Jeri,Nature Company,RLP Item,6513.69,8684.92
1736,1/24/2006,West,Jon,ExcelIsVeryFun.com,YWZ Item,4083.18,9495.77
1737,1/15/2006,West,Sheliadawn,ExcelIsVeryFun.com,JUO Item,5056.92,7436.64
1738,1/12/2006,West,Jon,Whole Foods,XPG Item,2809.57,5108.31
1739,1/10/2006,West,Luke,Home Depot,VBG Item,5931.35,8722.58
1740,1/10/2006,West,Luke,Home Depot,NUB Item,4785.21,8700.38
1741,1/9/2006,West,Sheliadawn,Sherman Williams,KLF Item,8206.42,8776.92
1742,1/6/2006,West,Jeri,Google,ZCZ Item,8136.27,8701.89
1743,1/5/2006,West,Sheliadawn,McLendon's Hardware,MKG Item,9284.38,9929.82
1744,1/4/2006,West,Jeri,Costco,HAC Item,2693.56,5985.68
1745,1/2/2006,West,Jeri,Peet's Coffee,RCI Item,3217.34,7149.65
1746,1/1/2006,West,Luke,Google,ETU Item,4341.18,7357.93
1747,12/29/2005,West,Sheliadawn,Solar and Wind Inc.,FTW Item,3249.65,4332.86
1748,12/28/2005,West,Rhonda,Google,HEN Item,5129.13,6838.84
1749,12/27/2005,West,Sheliadawn,Nature Company,IYT Item,1390.59,1487.26
1750,12/20/2005,West,Jeri,Peet's Coffee,VQR Item,5489.84,6238.45
1751,12/20/2005,West,Sheliadawn,Solar and Wind Inc.,XCX Item,2696.92,5993.16
1752,12/19/2005,West,Jon,Office Depot,XOU Item,5848.91,7798.55
1753,12/19/2005,West,Steven,Yahoo,KUX Item,1619.35,2944.27
1754,12/18/2005,West,Rhonda,The Economist,XSW Item,829.8,1406.44
1755,12/17/2005,West,Troung,Peet's Coffee,ZLU Item,3823.42,6480.38
1756,12/14/2005,West,Jon,The Economist,AOC Item,2416.65,5370.33
1757,12/13/2005,West,Luke,Nature Company,CGK Item,3799.84,8836.83
1758,12/9/2005,West,Sheliadawn,Peet's Coffee,NAS Item,6544.01,7436.38
1759,12/3/2005,West,Jon,McLendon's Hardware,XCQ Item,2044.57,3465.37
1760,11/22/2005,West,Jeri,Amazon.com,HOW Item,5273.8,5992.95
1761,11/21/2005,West,Jon,Google,NWT Item,1768.95,3049.92
1762,11/21/2005,West,Troung,Office Depot,LHW Item,396.9,1072.69
1763,11/20/2005,West,Jeri,Whole Foods,NCM Item,4490.49,6603.66
1764,11/14/2005,West,Steven,Peet's Coffee,MBQ Item,4520.39,6647.63
1765,11/7/2005,West,Chin,Sherman Williams,NVK Item,5664.73,6058.53
1766,11/4/2005,West,Rhonda,McLendon's Hardware,RFP Item,6525.3,8700.4
1767,11/4/2005,West,Troung,Google,ZAW Item,2878.68,6397.07
1768,10/31/2005,West,Chin,Office Depot,PVM Item,5670.66,9611.28
1769,10/31/2005,West,Sheliadawn,ExcelIsVeryFun.com,UPK Item,3160.46,7023.24
1770,10/29/2005,West,Steven,Office Depot,FIO Item,6204.57,9124.37
1771,10/24/2005,West,Sheliadawn,Solar and Wind Inc.,PKE Item,7137.56,9516.74
1772,10/24/2005,West,Rhonda,Google,MON Item,3074.8,8310.26
1773,10/21/2005,West,Rhonda,McLendon's Hardware,YSZ Item,8114.07,8678.15
1774,10/21/2005,West,Rhonda,Nature Company,XHJ Item,1139.56,1294.96
1775,10/17/2005,West,Chin,Yahoo,QPN Item,4464.94,5953.25
1776,10/15/2005,West,Jeri,Costco,AOG Item,2632.68,6122.51
1777,10/15/2005,West,Chin,Sherman Williams,ZMT Item,1227.16,1394.5
1778,10/15/2005,West,Troung,Whole Foods,XWY Item,321.41,584.38
1779,10/13/2005,West,Jon,Office Depot,UBV Item,18.07,31.16
1780,10/11/2005,West,Chin,Amazon.com,DRL Item,396.13,720.23
1781,10/10/2005,West,Luke,Sherman Williams,WIZ Item,3688.48,4191.46
1782,10/7/2005,West,Luke,Home Depot,XQV Item,5117.51,8823.3
1783,10/7/2005,West,Luke,Peet's Coffee,DJT Item,3328.69,7741.13
1784,10/4/2005,West,Luke,The Economist,LPZ Item,620.58,1443.21
1785,9/19/2005,West,Luke,Office Depot,YEW Item,6886.34,7825.39
1786,9/19/2005,West,Sheliadawn,The Economist,KQN Item,1622.29,4384.57
1787,9/16/2005,West,Jon,Nature Company,EWM Item,1805.73,4880.35
1788,9/16/2005,West,Chin,Amazon.com,LOP Item,266.3,451.36
1789,9/10/2005,West,Steven,Sherman Williams,XOB Item,1625.3,4392.71
1790,9/8/2005,West,Jon,The Economist,EEH Item,1850.45,2721.25
1791,9/8/2005,West,Chin,ExcelIsVeryFun.com,RHM Item,890.87,2071.8
1792,9/6/2005,West,Jeri,The Economist,HEB Item,4592.57,6123.43
1793,9/5/2005,West,Troung,Costco,VCN Item,6648.68,8864.91
1794,9/3/2005,West,Jon,Home Depot,CGS Item,5831.89,9884.56
1795,9/3/2005,West,Chin,Amazon.com,OUO Item,2499.63,4544.78
1796,9/1/2005,West,Rhonda,Solar and Wind Inc.,HYO Item,747.47,1266.89
1797,8/31/2005,West,Jeri,Whole Foods,FXL Item,677.31,1167.78
1798,8/29/2005,West,Jon,Costco,VIM Item,8149.08,8715.59
1799,8/26/2005,West,Troung,Costco,VTL Item,1041.69,2815.39
1800,8/25/2005,West,Rhonda,Office Depot,BUZ Item,4355.79,7382.7
1801,8/25/2005,West,Steven,Amazon.com,HGT Item,6362.06,7229.61
1802,8/25/2005,West,Troung,Solar and Wind Inc.,PUA Item,2050.45,3535.25
1803,8/23/2005,West,Steven,The Economist,EEE Item,3775.92,4038.42
1804,8/23/2005,West,Sheliadawn,ExcelIsVeryFun.com,MCX Item,1107.2,1476.26
1805,8/20/2005,West,Chin,ExcelIsVeryFun.com,FXJ Item,872.0,1162.66
1806,8/20/2005,West,Steven,ExcelIsVeryFun.com,KOC Item,406.5,1098.65
1807,8/20/2005,West,Troung,McLendon's Hardware,EUH Item,196.46,456.88
1808,8/17/2005,West,Steven,Peet's Coffee,VOJ Item,3738.97,8308.82
1809,8/15/2005,West,Rhonda,Yahoo,XWY Item,3647.28,4863.04
1810,8/10/2005,West,Sheliadawn,The Economist,RNE Item,2140.52,3891.86
1811,8/7/2005,West,Chin,Peet's Coffee,KOB Item,8482.25,9071.92
1812,8/5/2005,West,Jeri,ExcelIsVeryFun.com,VZK Item,3234.79,4757.04
1813,8/4/2005,West,Jon,Yahoo,UER Item,872.39,1282.93
1814,8/3/2005,West,Jeri,Office Depot,MEL Item,8814.57,9427.35
1815,8/2/2005,West,Steven,Home Depot,EAP Item,3695.77,9988.56
1816,8/2/2005,West,Luke,McLendon's Hardware,MBM Item,4364.44,4667.85
1817,8/1/2005,West,Chin,Yahoo,PAE Item,295.25,536.81
1818,7/27/2005,West,Jeri,Costco,DFQ Item,3641.25,8091.67
1819,7/26/2005,West,Jeri,Sherman Williams,LBH Item,749.51,1292.25
1820,7/25/2005,West,Luke,Nature Company,DSU Item,3287.61,5977.48
1821,7/21/2005,West,Jeri,Amazon.com,RUQ Item,1625.06,2166.75
1822,7/20/2005,West,Luke,Yahoo,BQA Item,3220.41,4293.88
1823,7/20/2005,West,Troung,Nature Company,HTK Item,1118.22,1895.29
1824,7/20/2005,West,Jeri,Google,YPR Item,983.03,1310.7
1825,7/19/2005,West,Chin,ExcelIsVeryFun.com,YUV Item,5046.0,8700.0
1826,7/18/2005,West,Steven,Amazon.com,HQQ Item,1068.6,2888.1
1827,7/11/2005,West,Sheliadawn,McLendon's Hardware,JGS Item,3107.28,7226.23
1828,7/10/2005,West,Sheliadawn,ExcelIsVeryFun.com,QZK Item,8429.33,9578.78
1829,7/10/2005,West,Luke,Sherman Williams,PZX Item,310.11,525.61
1830,7/6/2005,West,Sheliadawn,Solar and Wind Inc.,WZJ Item,8824.4,9437.86
1831,7/4/2005,West,Jon,Peet's Coffee,VFI Item,2910.96,5018.89
1832,7/2/2005,West,Rhonda,Google,UNH Item,2727.48,3636.64
1833,6/27/2005,West,Chin,McLendon's Hardware,MZQ Item,2180.67,2907.56
1834,6/27/2005,West,Luke,The Economist,GVY Item,1647.25,1761.76
1835,6/17/2005,West,Troung,Office Depot,BLZ Item,676.91,1147.3
1836,6/15/2005,West,Sheliadawn,Google,PZI Item,3301.64,4402.18
1837,6/10/2005,West,Chin,Peet's Coffee,VAD Item,3657.63,8506.12
1838,6/7/2005,West,Troung,The Economist,UOH Item,4687.9,8082.59
1839,6/4/2005,West,Jeri,Google,JQN Item,3178.33,5778.78
1840,6/1/2005,West,Luke,Solar and Wind Inc.,CCV Item,1205.93,1773.42
1841,5/29/2005,West,Luke,Peet's Coffee,EGL Item,2052.71,3018.69
1842,5/28/2005,West,Luke,Sherman Williams,CAI Item,6919.75,7863.35
1843,5/28/2005,West,Jeri,Google,ZPR Item,3591.79,6530.53
1844,5/28/2005,West,Jon,Costco,SIW Item,1681.55,3736.77
1845,5/21/2005,West,Jeri,Costco,GAW Item,1242.07,1826.57
1846,5/20/2005,West,Steven,Yahoo,MQT Item,3266.35,3711.76
1847,5/17/2005,West,Troung,Costco,YJD Item,1123.73,1201.85
1848,5/16/2005,West,Rhonda,Solar and Wind Inc.,HLE Item,3632.23,3884.74
1849,5/13/2005,West,Jon,Sherman Williams,YYW Item,5089.42,8626.13
1850,5/9/2005,West,Chin,Sherman Williams,SYY Item,1059.31,2863.01
1851,5/4/2005,West,Luke,ExcelIsVeryFun.com,ZYF Item,3987.05,8860.12
1852,5/2/2005,West,Steven,Google,SWB Item,4067.19,7012.39
1853,5/2/2005,West,Steven,Solar and Wind Inc.,FVX Item,1628.98,4402.65
1854,4/28/2005,West,Steven,Whole Foods,URX Item,2659.68,4507.94
1855,4/27/2005,West,Jeri,Whole Foods,ATZ Item,8079.5,8641.18
1856,4/26/2005,West,Troung,The Economist,QLC Item,1136.67,2525.94
1857,4/18/2005,West,Rhonda,Whole Foods,EFD Item,45.01,81.83
1858,4/17/2005,West,Troung,Office Depot,QVZ Item,1486.28,1589.6
1859,4/12/2005,West,Jeri,Office Depot,UAH Item,7061.43,7552.33
1860,4/12/2005,West,Jeri,Amazon.com,NLB Item,3453.97,5955.12
1861,4/10/2005,West,Jeri,Peet's Coffee,JQB Item,2771.37,6445.05
1862,4/6/2005,West,Rhonda,Amazon.com,FLA Item,2218.64,2958.19
1863,4/3/2005,West,Sheliadawn,Whole Foods,MFB Item,1174.98,2611.06
1864,3/31/2005,West,Luke,Solar and Wind Inc.,VDA Item,2944.1,4990.0
1865,3/31/2005,West,Sheliadawn,Google,ILR Item,2899.86,3295.3
1866,3/28/2005,West,Steven,McLendon's Hardware,WMW Item,4341.22,7484.87
1867,3/28/2005,West,Luke,McLendon's Hardware,WLP Item,287.94,523.52
1868,3/21/2005,West,Troung,Nature Company,JGD Item,5079.61,9235.66
1869,3/21/2005,West,Sheliadawn,Costco,BQX Item,3280.31,5559.84
1870,3/18/2005,West,Jon,Solar and Wind Inc.,HGQ Item,249.38,366.74
1871,3/16/2005,West,Rhonda,Office Depot,MZV Item,4363.18,7395.22
1872,3/12/2005,West,Luke,Sherman Williams,FNS Item,4562.56,8295.57
1873,3/12/2005,West,Steven,Nature Company,HNS Item,2181.61,5896.23
1874,3/10/2005,West,Sheliadawn,Yahoo,BXK Item,113.48,151.3
1875,3/9/2005,West,Luke,Solar and Wind Inc.,NLV Item,7634.9,8165.67
1876,3/7/2005,West,Jon,Solar and Wind Inc.,VZT Item,4769.93,8224.01
1877,3/7/2005,West,Chin,ExcelIsVeryFun.com,RHE Item,2921.11,3894.81
1878,3/2/2005,West,Troung,Sherman Williams,VBS Item,4427.39,7504.05
1879,3/1/2005,West,Troung,Costco,NPP Item,5672.61,7563.48
1880,2/28/2005,West,Rhonda,Home Depot,HDR Item,4939.54,6586.05
1881,2/27/2005,West,Rhonda,Costco,JUV Item,2790.27,6200.59
1882,2/24/2005,West,Jeri,Home Depot,CPS Item,1636.94,4424.15
1883,2/23/2005,West,Luke,Costco,QVL Item,3422.95,3889.72
1884,2/21/2005,West,Sheliadawn,Home Depot,GRK Item,131.88,306.69
1885,2/20/2005,West,Rhonda,Yahoo,AOJ Item,3261.69,3488.44
1886,2/14/2005,West,Troung,Home Depot,QOX Item,5433.78,7245.04
1887,2/10/2005,West,Luke,The Economist,QLF Item,4297.52,9994.24
1888,2/10/2005,West,Rhonda,Costco,FSD Item,3806.21,8851.64
1889,2/9/2005,West,Steven,The Economist,LOC Item,3654.05,4872.07
1890,2/7/2005,West,Sheliadawn,Yahoo,ISE Item,1000.89,2705.12
1891,2/4/2005,West,Jeri,Amazon.com,NEJ Item,4457.72,4767.62
1892,2/3/2005,West,Rhonda,Nature Company,WHF Item,5162.85,5521.76
1893,1/31/2005,West,Jon,Peet's Coffee,ZPP Item,347.12,394.45
1894,1/28/2005,West,Troung,Costco,KMH Item,1917.9,5183.51
1895,1/25/2005,West,Troung,Costco,ZVM Item,3998.84,8886.3
1896,1/22/2005,West,Chin,Costco,CNG Item,1735.73,1856.4
1897,1/17/2005,West,Chin,The Economist,AYF Item,3119.09,3335.92
1898,1/16/2005,West,Luke,Nature Company,VXT Item,516.01,874.6
1899,1/15/2005,West,Troung,Yahoo,QML Item,2585.06,4457.0
1900,1/15/2005,West,Luke,Office Depot,WCB Item,1559.61,2293.55
1901,1/14/2005,West,Troung,Yahoo,MKX Item,7063.19,8026.35
1902,1/13/2005,West,Luke,Amazon.com,PRI Item,1268.0,1690.67
1903,1/10/2005,West,Jon,Amazon.com,ZBP Item,988.24,1056.94
1904,1/9/2005,West,Chin,Home Depot,ACM Item,1205.08,1772.17
1905,1/5/2005,West,Sheliadawn,McLendon's Hardware,NGZ Item,644.47,1092.32
1906,1/2/2005,West,Troung,Home Depot,AKB Item,2272.11,6140.83
1907,1/2/2005,West,Sheliadawn,Amazon.com,TZM Item,3591.47,6087.24
1908,1/2/2005,West,Steven,ExcelIsVeryFun.com,GHE Item,1360.41,1813.88
1909,1/1/2005,West,Jon,The Economist,PTH Item,1449.15,2634.81
1910,12/29/2004,West,Jeri,Office Depot,YNA Item,6379.41,6822.9
1911,12/26/2004,West,Rhonda,Amazon.com,CCB Item,6261.79,8349.05
1912,12/26/2004,West,Chin,Amazon.com,XTZ Item,4914.3,5584.43
1913,12/25/2004,West,Jon,Home Depot,RTZ Item,2184.31,5903.53
1914,12/22/2004,West,Steven,Office Depot,MBR Item,3786.89,4303.28
1915,12/18/2004,West,Troung,Amazon.com,YHA Item,114.45,254.34
1916,12/17/2004,West,Jeri,Yahoo,UAD Item,758.7,1115.73
1917,12/16/2004,West,Jeri,The Economist,CDR Item,2335.03,5430.3
1918,12/13/2004,West,Jeri,Whole Foods,IQG Item,8046.45,8605.83
1919,12/10/2004,West,Rhonda,Home Depot,WWU Item,3043.75,3255.35
1920,12/9/2004,West,Jeri,Costco,KVL Item,627.28,1393.96
1921,12/8/2004,West,Troung,Sherman Williams,NJY Item,975.55,1681.98
1922,12/7/2004,West,Jeri,ExcelIsVeryFun.com,AIU Item,3845.55,6991.91
1923,12/6/2004,West,Troung,ExcelIsVeryFun.com,YGD Item,2226.95,2530.62
1924,12/5/2004,West,Chin,Yahoo,HAI Item,2640.13,4800.24
1925,12/3/2004,West,Troung,Costco,PQN Item,1514.95,2227.87
1926,12/2/2004,West,Jon,Peet's Coffee,YGP Item,6835.97,7768.15
1927,11/30/2004,West,Troung,ExcelIsVeryFun.com,AEW Item,4760.79,8208.26
1928,11/30/2004,West,Jeri,ExcelIsVeryFun.com,GMP Item,6286.98,7144.29
1929,11/29/2004,West,Jon,The Economist,TGO Item,2674.61,4533.23
1930,11/22/2004,West,Rhonda,The Economist,PIM Item,4711.23,5353.67
1931,11/16/2004,West,Jeri,Solar and Wind Inc.,UGR Item,2953.22,7981.68
1932,11/11/2004,West,Luke,ExcelIsVeryFun.com,SBX Item,3891.09,6708.78
1933,11/9/2004,West,Chin,Solar and Wind Inc.,OET Item,3704.66,4939.54
1934,10/29/2004,West,Jon,Nature Company,LJY Item,3180.62,5483.83
1935,10/29/2004,West,Rhonda,Costco,WEH Item,89.37,151.47
1936,10/28/2004,West,Luke,Costco,BDA Item,5717.72,8408.41
1937,10/26/2004,West,Jeri,Costco,UYR Item,3188.92,7416.09
1938,10/22/2004,West,Jeri,Costco,WKC Item,1721.55,4003.61
1939,10/14/2004,West,Sheliadawn,ExcelIsVeryFun.com,SYO Item,185.87,273.34
1940,10/11/2004,West,Steven,Whole Foods,OTU Item,7307.3,7815.29
1941,10/10/2004,West,Steven,Sherman Williams,KTV Item,434.61,493.88
1942,10/8/2004,West,Rhonda,Office Depot,GJM Item,7750.48,8807.36
1943,10/6/2004,West,Rhonda,Costco,DFI Item,1547.15,3438.11
1944,10/2/2004,West,Steven,Costco,EVM Item,2578.51,2930.13
1945,10/1/2004,West,Jon,The Economist,APM Item,6615.39,8820.52
1946,10/1/2004,West,Sheliadawn,Amazon.com,XVA Item,4539.49,8253.62
1947,9/30/2004,West,Chin,Nature Company,RUW Item,2844.61,7688.14
1948,9/24/2004,West,Luke,Yahoo,UCA Item,1267.4,2304.36
1949,9/23/2004,West,Luke,Costco,RZH Item,4597.51,6130.01
1950,9/21/2004,West,Steven,Sherman Williams,VTX Item,5774.11,9955.37
1951,9/18/2004,West,Jeri,The Economist,NRF Item,5773.17,9785.03
1952,9/16/2004,West,Jeri,Yahoo,EPP Item,5286.07,7048.09
1953,9/13/2004,West,Luke,Home Depot,LJF Item,2811.8,7599.45
1954,9/12/2004,West,Troung,Whole Foods,PTZ Item,1454.76,1939.68
1955,9/9/2004,West,Chin,Peet's Coffee,EYP Item,4665.41,4989.74
1956,9/9/2004,West,Rhonda,Peet's Coffee,UMN Item,1724.03,2972.47
1957,9/6/2004,West,Sheliadawn,Google,WXN Item,826.57,884.03
1958,9/5/2004,West,Steven,Home Depot,ERF Item,5486.82,5868.26
1959,9/2/2004,West,Chin,Sherman Williams,BNH Item,3978.63,5850.92
1960,9/2/2004,West,Rhonda,Nature Company,YRV Item,1514.09,4092.13
1961,8/31/2004,West,Chin,Peet's Coffee,PSW Item,2393.55,3519.92
1962,8/30/2004,West,Luke,ExcelIsVeryFun.com,GZM Item,141.86,257.92
1963,8/29/2004,West,Steven,The Economist,WBL Item,3887.32,5716.65
1964,8/29/2004,West,Sheliadawn,Whole Foods,PXA Item,1451.19,2459.65
1965,8/27/2004,West,Rhonda,Sherman Williams,THO Item,4832.69,8786.7
1966,8/27/2004,West,Jeri,Yahoo,EBN Item,757.38,1377.05
1967,8/25/2004,West,Chin,Sherman Williams,OLN Item,666.74,1149.56
1968,8/23/2004,West,Troung,Yahoo,ZBJ Item,3081.97,3296.22
1969,8/23/2004,West,Jeri,Solar and Wind Inc.,FVF Item,782.59,1739.09
1970,8/21/2004,West,Jeri,McLendon's Hardware,HTZ Item,2606.72,2962.18
1971,8/19/2004,West,Jon,The Economist,RDW Item,1427.26,3857.47
1972,8/17/2004,West,Jeri,Amazon.com,PCQ Item,6390.67,7262.12
1973,8/16/2004,West,Troung,Nature Company,VVQ Item,2095.9,3082.21
1974,8/13/2004,West,Steven,Amazon.com,GWT Item,4570.17,5193.37
1975,8/12/2004,West,Chin,Yahoo,WSV Item,6187.33,9099.02
1976,8/11/2004,West,Jeri,Home Depot,WSQ Item,748.44,1740.56
1977,8/9/2004,West,Luke,Peet's Coffee,XWX Item,1149.29,3106.18
1978,8/6/2004,West,Troung,McLendon's Hardware,VMO Item,3617.08,8411.81
1979,8/6/2004,West,Luke,Amazon.com,QYE Item,1600.32,1818.55
1980,8/5/2004,West,Jon,Whole Foods,SGA Item,4561.2,5183.18
1981,8/1/2004,West,Luke,Nature Company,KJR Item,2222.26,2525.29
1982,7/31/2004,West,Steven,The Economist,DMQ Item,798.2,1856.27
1983,7/30/2004,West,Troung,Whole Foods,HQT Item,816.15,872.89
1984,7/29/2004,West,Rhonda,Yahoo,CJK Item,4675.34,8500.61
1985,7/25/2004,West,Steven,Nature Company,YTG Item,2898.57,6740.86
1986,7/22/2004,West,Sheliadawn,Amazon.com,PNU Item,1476.11,3989.49
1987,7/21/2004,West,Chin,The Economist,KYW Item,3119.56,7254.79
1988,7/18/2004,West,Luke,Google,UXE Item,3413.99,4551.98
1989,7/16/2004,West,Chin,Home Depot,HYH Item,858.46,1480.11
1990,7/9/2004,West,Luke,Peet's Coffee,DQS Item,1236.69,2876.02
1991,6/30/2004,West,Jeri,Peet's Coffee,MHN Item,5122.01,5478.09
1992,6/24/2004,West,Sheliadawn,Peet's Coffee,XJT Item,2079.87,4621.93
1993,6/20/2004,West,Steven,Whole Foods,WNE Item,8722.38,9911.79
1994,6/19/2004,West,Steven,Google,QVQ Item,1517.28,2231.3
1995,6/19/2004,West,Luke,McLendon's Hardware,PRP Item,121.98,271.06
1996,6/18/2004,West,Steven,McLendon's Hardware,SQC Item,3852.53,8561.17
1997,6/17/2004,West,Jeri,Costco,XHX Item,4577.73,7758.86
1998,6/17/2004,West,Jon,Sherman Williams,UBU Item,4919.6,7234.71
